3217 5417
734 561 768 615 Ι9

143 735 176 780 et
192 741 292 796 usque
308 723 349 779 ad
364 741 400 779 os
412 724 562 779 molestus
584 742 671 779 umor
686 724 835 780 accidere.
883 724 953 779 Rati
968 742 1043 798 ergo
1058 741 1177 779 sacrum
1194 741 1263 779 esse
1278 723 1346 779 feri-

143 823 252 880 culum
274 834 337 878 tam
363 822 509 897 religioso
542 835 694 897 apparatu
731 824 899 897 pertusum,
924 823 1172 882 consurreximus
1202 822 1293 879 altius
1314 834 1344 880 et

144 926 317 998 ‘Augusto
335 923 414 996 patri
430 922 557 996 patriae,
572 924 719 980 feliciter'
736 923 876 979 diximus.
921 923 1117 995 Quibusdam
1132 934 1236 980 tamen
1252 923 1344 980 etiam

143 1033 217 1097 post
231 1023 313 1079 hanc
323 1023 555 1079 venerationem
572 1042 663 1097 poma
678 1023 870 1097 rapientibus
882 1034 913 1079 et
924 1023 982 1096 ipsi
996 1041 1125 1096 mappas
1141 1023 1343 1097 implevimus,

142 1141 205 1198 ego
220 1123 396 1197 praecipue,
428 1124 481 1197 qui
497 1123 582 1179 nullo
605 1124 680 1179 satis
703 1124 808 1197 amplo
830 1142 956 1180 munere
978 1123 1123 1196 putabam
1147 1142 1195 1180 me
1218 1142 1346 1181 onerare
1377 1145 1392 1200 5

142 1222 272 1279 Gitonis
287 1222 400 1279 sinum,

188 1324 274 1379 Inter
287 1324 365 1379 haec
377 1333 439 1379 tres
452 1323 538 1397 pueri
548 1323 700 1379 candidas
712 1323 858 1380 succincti
871 1323 992 1380 tunicas
1004 1323 1201 1392 intraverunt,
1215 1343 1344 1398 quorum

142 1422 209 1478 duo
225 1423 323 1479 Lares
338 1423 475 1479 bullatos
490 1441 584 1496 super
599 1442 736 1479 mensam
760 1433 938 1497 posuerunt,
955 1443 1035 1480 unus
1058 1435 1195 1497 pateram
1211 1424 1273 1479 vini
1289 1424 1345 1481 cir-

141 1522 323 1579 cumferens
340 1522 400 1578 ‘dii
416 1522 561 1596 propitii'
577 1523 738 1579 clamabat.
1006 1523 1118 1580 Aiebat
1133 1534 1234 1580 autern
1251 1543 1344 1579 unum

142 1622 334 1691 Cerdonem,
365 1623 495 1679 alterum
530 1623 725 1693 Felicionem,
756 1623 877 1680 tertium
902 1624 1084 1680 Lucrionem
1120 1624 1233 1681 vocari.
1280 1626 1395 1680 Nosro

140 1721 239 1778 etiam
261 1740 365 1778 veram
390 1722 554 1797 imaginem
578 1722 675 1796 ipsius
698 1722 945 1790 Trimalchionis
962 1741 1032 1779 cum
1047 1723 1107 1779 iam
1123 1743 1232 1781 omnes
1248 1725 1345 1781 basia·

140 1831 222 1892 rent,
236 1822 416 1879 erubuimus
432 1823 607 1896 praeterire.

188 1923 358 1995 Postquam
374 1941 447 1997 ergo
462 1941 570 1979 omnes
586 1923 698 1979 bonam
722 1933 854 1980 mentem
869 1924 1046 1997 bonamque
1068 1924 1268 1982 valitudinem
1285 1926 1343 1983 sibi

139 2031 301 2097 optarunt,
319 2022 509 2079 Trimalchio
524 2023 563 2078 ad
580 2023 756 2079 Nicerotem
773 2024 907 2097 respexit
922 2034 953 2080 et
966 2031 973 2055 ‘
986 2023 1109 2081 solebas
1122 2025 1129 2046 '
1146 2024 1244 2099 inquit
1261 2037 1345 2082 ‘sua-

139 2121 214 2179 vius
230 2140 301 2178 esse
317 2122 348 2178 in
363 2122 528 2190 convictu,
553 2122 658 2179 nescio
684 2122 757 2195 quid
787 2141 871 2179 nunc
893 2133 977 2180 taces
994 2142 1050 2180 nec
1065 2124 1179 2180 muttis.
1223 2125 1289 2182 Oro
1303 2135 1342 2194 te,
1358 2141 1392 2198 15

140 2222 191 2279 sic
205 2221 331 2279 felicem
346 2241 395 2279 me
411 2222 527 2292 videas
544 2240 635 2278 narra
660 2221 734 2278 illud
758 2223 841 2295 quod
857 2223 912 2279 tibi
928 2242 984 2280 usu
1002 2224 1104 2280 venit'
1149 2225 1280 2282 Niceros
1295 2226 1345 2283 de

139 2324 279 2380 lectatus
294 2321 478 2379 affabilitate
493 2322 583 2379 amici
600 2329 700 2379 ‘omne
717 2341 764 2379 me
778 2323 886 2397 ’inquit
903 2324 1028 2381 ‘lucrum
1045 2335 1190 2394 transeat,
1208 2326 1268 2382 nisi
1283 2327 1344 2383 iam

138 2423 264 2479 dudum
293 2423 495 2497 gaudimonio
524 2422 652 2493 dissili0‚
683 2423 767 2496 quod
789 2432 820 2480 te
841 2425 934 2480 talem
956 2425 1056 2482 viden.
1103 2428 1212 2500 Itaque
1235 2427 1344 2484 hilaria

138 2539 232 2579 mera
248 2521 318 2590 sint,
332 2522 390 2579 etsi
419 2522 514 2579 timeo
544 2522 620 2579 istos
650 2522 861 2592 scholasticos,
879 2542 981 2581 neme
1007 2525 1136 2582 rideant.
1181 2526 1343 2584 Viderint:

139 2622 281 2679 narrabo
296 2633 418 2692 tamen,
442 2623 517 2697 quid
539 2623 620 2679 enim
637 2622 710 2678 mihi
726 2624 834 2692 aufert,
859 2624 911 2697 qui
927 2624 1026 2681 ridet?
1072 2625 1174 2682 Satius
1190 2639 1237 2683 est
1252 2627 1344 2685 rideri
1356 2659 1394 2695 20

138 2741 240 2798 quam
255 2722 411 2779 derideri)
455 2729 462 2753 ‘
477 2723 565 2780 Haec
581 2723 634 2780 ubi
649 2723 732 2780 dicta
746 2723 853 2792 dedit'
876 2724 968 2781 talem
983 2724 1119 2781 fabulam
1136 2745 1263 2784 exorsus
1279 2740 1343 2786 est:

189 2824 289 2880 ‘Cum
304 2822 407 2880 adhuc
423 2824 579 2893 servirem,
596 2824 814 2881 habitabamus
826 2824 857 2879 in
866 2825 935 2881 vico
951 2834 1097 2899 angust03
1111 2845 1193 2884 nunc
1204 2828 1344 2886 Gavillae

139 2923 258 2981 domus
274 2933 329 2980 est.
376 2923 433 2991 Ibi,
450 2924 606 2998 quomodo
622 2924 665 2980 dii
681 2925 796 2993 volunt,
814 2944 917 2982 amare
940 2924 1028 2999 coepi
1052 2945 1175 2984 uxorem
1207 2929 1344 2987 Terentii

138 3023 296 3097 coponis:
322 3024 477 3081 noveratis
494 3024 654 3080 Melissam
670 3025 878 3081 Tarentinam.
926 3026 988 3082 Sed
1002 3044 1060 3101 ego
1076 3045 1137 3084 non
1151 3030 1343 3088 mehercules

140 3127 230 3181 illam
246 3135 372 3198 propter
387 3142 435 3181 res
450 3124 592 3182 venerias
607 3124 720 3191 curavi,
737 3124 792 3181 sed
809 3126 907 3200 magis
933 3126 1016 3199 quod
1031 3127 1110 3184 bene
1137 3141 1254 3186 morata
1277 3132 1342 3189 tuit
1356 3156 1371 3192 2
1376 3155 1391 3212 5

141 3224 180 3283 Si
196 3224 271 3299 quid
287 3225 327 3282 ab
343 3223 395 3280 illa
410 3224 493 3299 petii,
508 3243 665 3297 nunquam
682 3224 755 3280 mihi
778 3235 943 3301 negatum,
965 3227 1040 3284 fecit
1055 3247 1165 3298 assem,
1183 3231 1343 3290 semissem

139 3324 259 3394 habui;
282 3326 424 3399 quicquid
447 3325 546 3394 habui,
565 3324 596 3380 in
612 3324 693 3381 illius
709 3324 809 3382 sinum
824 3326 1020 3398 demandavi,
1037 3347 1094 3386 nec
1110 3349 1246 3405 unquam
1261 3333 1345 3391 fefel-

140 3425 219 3482 litus
242 3443 320 3481 sum.
374 3424 478 3482 Huius
500 3424 731 3482 contubernalis
753 3424 792 3481 ad
815 3426 919 3482 villam
943 3446 1118 3502 supremum
1148 3432 1229 3489 diem
1258 3434 1343 3491 obiit.

142 3528 259 3599 Itaque
275 3544 330 3599 per
345 3534 467 3582 scutum
484 3543 538 3599 per
560 3543 682 3582 ocream
699 3544 757 3601 ego
773 3526 904 3602 aginavi,
928 3530 1190 3601 quemadmodum
1206 3533 1245 3590 ad
1261 3534 1344 3590 illam

141 3624 358 3700 pervenirem:
402 3626 480 3680 scitis
495 3635 606 3694 autem,
624 3625 655 3682 in
671 3626 822 3701 angustiis
845 3628 935 3685 amici
951 3641 1108 3703 apparent.
1155 3633 1246 3691 Forte
1261 3634 1346 3692 dom·
1354 3657 1395 3711 30

140 3727 217 3783 inus
233 3726 375 3799 Capuam
401 3724 516 3782 exierat
532 3726 572 3782 ad
587 3736 690 3782 scruta
706 3727 782 3783 scita
804 3728 1007 3801 expedienda.
1053 3733 1172 3789 Nactus
1187 3752 1245 3809 ego
1260 3754 1345 3793 occa-

142 3822 266 3882 sionem
283 3825 455 3898 persuadeo
470 3825 625 3900 hospitem
638 3835 784 3897 nostrum,
798 3836 831 3883 ut
843 3846 962 3884 mecum
975 3830 1015 3886 ad
1030 3831 1170 3905 quintum
1183 3834 1344 3892 miliarium

142 3925 258 3983 veniat.
306 3926 379 3981 Erat
395 3934 496 3982 autem
513 3925 610 3996 miles
627 3925 715 3983 tortis
736 3936 884 4000 tanquam
907 3929 1017 3986 Orcus
1062 3933 1273 4005 Apoculamus
1288 3954 1345 3992 nos

142 4026 228 4084 circa
244 4024 409 4101 gallicinia,
424 4026 497 4082 luna
512 4026 635 4083 lucebat
649 4036 796 4100 tanquam
820 4028 956 4087 meridie.
1001 4031 1151 4089 Venimus
1167 4033 1247 4091 intra
1263 4054 1345 4093 mon-

143 4126 283 4184 imenta:
308 4128 401 4183 homo
418 4145 504 4183 meus
520 4126 621 4199 caepit
636 4125 676 4182 ad
692 4127 786 4184 stelas
801 4128 912 4199 tacere,
931 4130 1025 4187 sedeo
1048 4150 1105 4207 ego
1128 4135 1346 4195 cantabundus
1355 4156 1393 4214 35

142 4236 176 4285 et
190 4227 288 4284 stelas
319 4244 454 4283 numero.
501 4225 621 4283 Deinde
639 4235 671 4283 ut
686 4228 807 4301 respexi
838 4229 877 4286 ad
906 4230 1058 4301 comitem,
1090 4232 1140 4290 ille
1163 4236 1246 4293 exuit
1261 4256 1295 4294 se
1314 4250 1345 4296 et

143 4327 252 4384 omnia
268 4326 453 4383 vestimenta
468 4326 637 4383 secundum
654 4327 736 4383 viam
753 4328 866 4401 posuit.
912 4330 991 4386 Mihi
1007 4332 1111 4389 anima
1126 4333 1156 4390 in
1174 4354 1250 4394 naso
1266 4357 1344 4410 esse,

143 4427 268 4484 stabam
292 4435 439 4500 tanquam
463 4436 609 4482 mortuus.
655 4429 697 4484 At
712 4427 762 4485 ille
785 4428 888 4486 subito
911 4430 1002 4505 lupus
1023 4432 1125 4492 factus
1141 4446 1196 4493 est.
1243 4440 1346 4499 Nolite

143 4545 196 4584 me
213 4524 309 4583 iocari
325 4535 452 4600 putare,
476 4536 508 4582 ut
524 4526 663 4597 mentiar,
681 4527 794 4585 nullius
811 4530 1027 4603 patrimonium
1045 4535 1121 4592 tanti
1138 4536 1227 4595 facin.
1274 4541 1344 4610 Sed,

143 4627 232 4702 quod
248 4644 411 4700 coeperam
441 4625 552 4697 dicere,
583 4636 748 4701 postquam
765 4629 855 4703 lupus
871 4630 971 4688 tactus
987 4644 1042 4702 est,
1060 4634 1177 4694 ululare
1199 4640 1300 4714 coepit
1315 4654 1347 4701 et
1357 4673 1396 4725 40

144 4729 179 4787 in
197 4726 291 4786 silvas
307 4726 395 4806 fugit.
441 4728 506 4805 Ego
522 4727 663 4801 primitus
693 4728 867 4786 nesciebam
885 4731 937 4788 uhi
953 4751 1062 4804 essem,
1081 4737 1194 4795 deinde
1218 4745 1343 4814 accessi,
