3217 5417
868 520 886 578 6

278 700 333 757 Est
355 699 445 770 sicca,
470 699 580 769 sobria,
612 698 763 757 bonorum
800 698 997 756 consiliorum
1023 697 1163 776 [tantum
1186 698 1251 755 auri
1273 698 1360 757 vides
1371 698 1393 778 ],
1426 708 1478 756 est

277 809 380 858 tamen
395 800 494 857 malae
510 799 641 876 linguae,
658 799 728 874 pica
743 798 921 873 pulvinaris.
966 798 1067 871 Quem
1083 807 1174 871 amat,
1188 807 1286 868 amat;
1303 817 1394 874 quem
1412 816 1477 856 non

278 908 367 970 amat,
384 918 446 957 non
463 908 552 957 amat.
599 901 671 975 Ipse
694 898 883 957 Trimalchio
904 898 1020 956 fundos
1041 898 1143 969 habet,
1168 917 1229 973 qua
1251 898 1335 956 milvi
1357 898 1473 969 volant,

278 1018 470 1059 nummorum
493 1018 643 1058 nummos.
702 1001 872 1075 Argentum
895 998 927 1055 in
949 998 1065 1056 ostiarii
1088 998 1169 1056 illius
1192 999 1269 1056 cella
1291 999 1361 1073 plus
1383 999 1474 1070 iacet,

227 1127 243 1185 5
278 1119 370 1177 quam
386 1100 549 1176 quisquam
565 1100 597 1158 in
611 1099 743 1158 fortunis
764 1099 867 1157 habet.
914 1099 1043 1157 Familia
1065 1118 1138 1157 vero
1153 1098 1252 1157 babae
1275 1098 1384 1169 babae,
1410 1117 1474 1157 non

278 1200 467 1259 mehercules
483 1208 558 1276 puto
573 1200 733 1258 decumam
749 1208 868 1274 partem
884 1217 952 1256 esse
968 1218 1047 1274 quae
1062 1198 1221 1257 dominum
1238 1217 1326 1268 suum
1343 1198 1473 1257 noverit.

278 1300 328 1358 Ad
351 1318 510 1372 summam,
535 1300 682 1376 quemvis,
698 1318 735 1358 ex
750 1299 817 1357 istis
840 1299 1017 1357 babaecalis
1039 1299 1070 1355 in
1086 1308 1172 1357 rutae
1194 1299 1303 1357 folium
1325 1298 1470 1357 coniciet.

279 1404 346 1459 Nec
361 1400 503 1476 estquod
518 1409 610 1475 putes
622 1401 707 1458 illum
723 1399 887 1475 quicquam
904 1418 1014 1457 emere.
1060 1399 1173 1457 Omnia
1188 1399 1271 1458 domi
1286 1409 1474 1458 nascuntur:

279 1502 357 1572 lana,
382 1501 501 1572 cedrae,
526 1500 621 1576 piper,
646 1502 725 1559 lacte
747 1500 952 1576 gallinaceum
976 1498 1002 1557 si
1024 1500 1203 1575 quaesieris,
1229 1500 1376 1559 invenies.
1422 1500 1475 1558 Ad

231 1627 267 1663 ro
279 1619 438 1672 summam,
467 1619 573 1676 parum
590 1600 633 1657 illi
655 1599 737 1658 bona
753 1601 823 1657 lana
845 1600 1048 1657 nascebatur:
1079 1599 1191 1658 arietes
1207 1619 1224 1657 a
1240 1601 1375 1658 Tarento
1390 1600 1474 1660 emit.

279 1702 345 1759 Mel
360 1700 496 1759 Atticum
507 1710 540 1758 ut
551 1699 635 1758 domi
651 1709 836 1772 nasceretur,
851 1719 925 1775 apes
936 1700 975 1758 ab
987 1700 1119 1758 Athenis
1134 1700 1224 1759 iussit
1239 1700 1359 1772 afferri,
1375 1700 1478 1759 obiter

279 1809 310 1860 et
324 1801 507 1860 vernaculae
530 1808 705 1875 quaesunt,
730 1800 930 1858 meliusculae
946 1819 964 1857 a
979 1799 1139 1858 Graeculis
1162 1799 1245 1859 fient.
1292 1803 1371 1859 Ecce
1394 1801 1477 1857 intra

279 1901 336 1960 hos
352 1901 419 1959 dies
441 1900 572 1975 scripsit,
591 1909 624 1958 ut
639 1899 682 1957 illi
697 1919 734 1959 ex
750 1901 842 1959 India
858 1919 965 1959 semen
981 1900 1154 1958 boletorum
1169 1900 1349 1959 mitteretur.
1393 1903 1475 1959 Nam

279 2002 392 2059 mulam
419 2000 543 2077 quidem
566 2001 681 2057 nullam
697 2000 799 2073 habet,
824 2020 903 2075 quae
927 2019 988 2060 non
1004 2020 1041 2059 ex
1057 2003 1174 2076 onagro
1197 2010 1269 2059 nata
1285 2000 1331 2058 sit.
1377 2000 1477 2059 Vides

232 2123 266 2182 15
279 2111 324 2161 tot
339 2101 483 2161 culcitas:
528 2102 611 2158 nulla
635 2111 764 2160 nonant
785 2100 1011 2177 conchyliatum
1036 2110 1089 2159 aut
1103 2101 1281 2160 coccineum
1304 2110 1476 2159 tomentum

280 2201 381 2261 habet.
439 2202 541 2260 Tanta
563 2210 610 2260 est
632 2201 726 2259 animi
758 2201 926 2261 beatitudo.
987 2202 1137 2278 Reliquos
1167 2210 1269 2260 autem
1298 2201 1477 2260 collibertos

227 2346 230 2351 -
280 2303 346 2362 eius
361 2321 436 2360 cave
451 2311 642 2361 contemnas.
686 2302 786 2360 Valde
809 2302 929 2360 sucossi
946 2311 1025 2360 sunt.
1070 2302 1168 2361 Vides
1197 2301 1281 2359 illum
1298 2301 1350 2377 qui
1366 2302 1397 2359 in
1413 2302 1477 2360 imo

279 2403 359 2461 imus
381 2402 546 2461 recumbit:
592 2401 684 2461 hodie
700 2421 756 2461 sua
785 2402 963 2479 octingenta
992 2402 1140 2479 possidet.
1186 2403 1235 2461 De
1252 2402 1347 2460 nihilo
1370 2402 1476 2461 crevit.

281 2503 380 2561 Modo
401 2503 522 2561 solebat
551 2503 630 2561 collo
647 2521 702 2561 suo
712 2503 801 2586 ligna
817 2513 947 2578 portare.
994 2503 1055 2561 Sed
1085 2502 1240 2579 quomodo
1270 2502 1478 2578 dicunt-ego

231 2623 270 2661 20
280 2603 356 2661 nihil
386 2602 458 2674 scin,
490 2603 546 2661 sed
586 2603 826 2679 audivi-quom
871 2603 1023 2661 Incuboni
1066 2603 1192 2678 pilleum
1236 2602 1397 2678 rapuisset,
1417 2601 1475 2683 [et]

280 2705 458 2763 thesaurum
481 2703 605 2762 invenit.
652 2705 717 2779 Ego
733 2703 847 2761 nemini
877 2703 1009 2774 invideo
1028 2703 1143 2778 siquid
1173 2702 1250 2761 deus
1280 2702 1374 2762 dedit.
1421 2706 1479 2764 Est

280 2815 384 2863 tamen
401 2804 459 2862 sub
474 2802 564 2878 alapa
580 2813 610 2862 et
626 2822 688 2861 non
704 2804 767 2860 vult
783 2803 842 2861 sibi
858 2805 945 2862 male.
992 2806 1102 2879 ltaque
1125 2804 1263 2879 proxime
1286 2823 1391 2862 casam
1414 2805 1477 2862 hoc

280 2904 370 2964 titulo
392 2903 589 2979 proscripsit:
636 2909 653 2935 “
667 2904 700 2974 C.
720 2903 886 2977 Pompeius
909 2902 1067 2979 Diogenes
1092 2922 1128 2961 ex
1153 2903 1295 2962 kalendis
1319 2903 1407 2961 Iuliis
1430 2922 1479 2962 ce-

282 3005 427 3063 naculum
443 3004 541 3074 locat3
558 3002 624 3078 ipse
640 3002 721 3060 enim
738 3002 864 3061 domurn
880 3004 983 3061 emit.'’
1001 3003 1108 3076 Quid?
1124 3004 1175 3063 ille
1191 3004 1244 3078 qui
1260 3004 1394 3062 libertini
1409 3004 1480 3062 loco

232 3106 369 3193 25iacet‚
387 3122 479 3178 quam
495 3104 575 3162 bene
591 3122 625 3161 se
641 3102 757 3161 habuit.
803 3105 875 3161 Non
892 3103 1066 3179 impropero
1082 3105 1134 3162 illi.
1181 3104 1363 3163 Sestertium
1386 3124 1478 3163 suum

281 3205 358 3263 vidit
380 3203 492 3276 decies,
510 3203 565 3262 sed
587 3204 667 3261 male
690 3203 854 3261 vacillavit.
901 3206 973 3262 Non
995 3215 1070 3280 puto
1093 3205 1178 3262 illum
1202 3205 1331 3280 capillos
1361 3204 1479 3263 liberos

248 3343 253 3358 .
281 3304 403 3376 habere,
421 3322 478 3362 nec
494 3303 685 3361 mehercules
702 3322 757 3361 sua
773 3303 882 3379 culpa;
907 3304 975 3378 ipso
991 3305 1072 3362 enirn
1096 3305 1188 3362 homo
1205 3305 1312 3363 melior
1327 3323 1390 3362 non
1406 3314 1453 3363 est
1469 3328 1476 3375 3

282 3405 338 3464 sed
354 3404 454 3463 liberti
470 3404 619 3476 scelerati,
638 3403 690 3478 qui
706 3404 811 3461 omnia
828 3403 866 3461 ad
883 3423 916 3462 se
932 3406 1079 3462 fecerunt.
1127 3405 1211 3463 Scito
1234 3414 1357 3463 autem:
1402 3405 1480 3463 soci-

282 3524 369 3564 orum
384 3504 446 3563 olla
462 3505 541 3562 male
555 3505 663 3576 fervet,
681 3513 712 3562 et
727 3504 780 3562 ubi
792 3505 888 3562 semel
904 3524 953 3563 res
969 3505 1116 3562 inclinata
1132 3515 1187 3577 est,
1205 3505 1296 3563 amici
1311 3505 1350 3563 de
1366 3505 1479 3563 medio.

231 3589 271 3688 30
283 3609 321 3665 Et
349 3625 441 3682 quam
470 3605 632 3664 honestam
649 3605 889 3680 negotiationem
919 3607 1063 3677 exercuit,
1081 3607 1164 3683 quod
1194 3607 1279 3666 illum
1303 3607 1348 3666 sic
1377 3608 1475 3666 vides.

284 3707 483 3765 Libitinarius
498 3705 563 3764 fuit.
610 3706 736 3764 Solebat
752 3706 796 3763 sic
812 3725 931 3777 cenare,
957 3707 1111 3782 quomodo
1127 3726 1198 3766 rex:
1223 3726 1315 3783 apros
1330 3727 1481 3784 gausapa-

282 3818 340 3878 tOS‚
357 3825 452 3882 opera
467 3806 603 3881 pistoria,
621 3805 695 3876 avis,
712 3806 959 3881 cocos,pist0res.
1006 3807 1080 3864 Plus
1095 3808 1158 3865 vini
1175 3808 1232 3865 sub
1255 3827 1364 3866 mensa
1379 3809 1477 3867 effun-

283 3907 421 3978 debatur,
439 3925 531 3981 quam
547 3906 659 3981 aliquis
676 3907 706 3963 in
723 3906 800 3965 cella
817 3907 918 3965 habet.
965 3908 1142 3979 Phantasia‚
1159 3928 1222 3966 non
1237 3909 1339 3967 hom0.
1386 3909 1478 3967 Incli-

283 4008 365 4065 natis
381 4025 504 4082 quoque
527 4008 620 4064 rebus
636 4006 708 4078 suis,
726 4026 796 4065 curn
818 4007 939 4065 timeret
954 4026 991 4065 ne
1007 4008 1174 4066 creditores
1192 4009 1276 4066 illum
1293 4010 1480 4069 conturbare

231 4130 269 4190 35
282 4107 501 4177 existimarent,
519 4108 577 4164 hoc
593 4106 681 4164 titulo
697 4106 871 4164 auctionem
887 4106 1086 4182 proscripsit:
1133 4115 1150 4140 “
1161 4110 1195 4167 C.
1213 4109 1311 4166 Iulius
1328 4110 1479 4168 Proculus

283 4208 456 4267 auctionem
471 4207 566 4265 faciet
580 4225 680 4264 rerum
697 4208 986 4281 supervacuarum.''

324 4307 536 4383 Interpellavit
557 4316 619 4364 tam
642 4307 748 4364 dulces
768 4307 892 4365 fabulas
913 4308 1120 4380 Trimalchio;
1144 4328 1216 4366 nam
1238 4309 1298 4366 iam
1321 4310 1478 4368 sublatum

283 4419 348 4469 erat
369 4409 529 4492 ferculum,
553 4407 728 4482 hilaresque
761 4407 909 4465 convivae
932 4408 1004 4466 vino
1027 4409 1284 4485 sermonibusque
1314 4410 1479 4485 publicatis

281 4527 406 4586 operam
428 4499 594 4583 coeperant
616 4507 699 4565 dare.
745 4510 777 4564 Is
793 4526 866 4583 ergo
882 4508 1047 4566 reclinatus
1063 4509 1095 4566 in
1110 4509 1246 4567 cubitum
1264 4510 1339 4569 ‘hoc
1355 4511 1477 4568 vinum'

232 4633 271 4684 40
282 4610 382 4686 inquit
398 4616 472 4668 ‘vos
498 4616 620 4685 oportet
642 4626 736 4670 suave
758 4607 889 4671 faciatis.
936 4608 1041 4673 Pisces
1068 4618 1174 4674 natare
1201 4619 1331 4692 oportet.
1379 4613 1478 4693 Rogo,
