3217 5417
707 567 743 625 ²7

138 733 218 791 vices
233 740 304 808 post
319 741 405 807 terga
427 731 549 789 flectere
566 739 596 788 et
611 731 724 805 pedum
747 739 900 788 extremos
923 729 1049 804 pollices
1072 739 1206 805 tangere.
1252 731 1326 802 Nos,

136 834 205 891 dum
217 831 268 889 alii
280 831 340 889 sibi
353 830 442 888 ludos
454 831 580 902 iaciunt,
594 830 624 886 in
641 831 761 901 solium,
775 829 860 904 quod
875 829 1098 888 Trimalchioni
1113 830 1327 904 vaporabatur,

136 933 358 993 descendimus.

176 1036 254 1110 Ergo
269 1032 418 1091 ebrietate
435 1031 577 1090 discussa
593 1031 624 1088 in
640 1031 723 1089 aliud
739 1007 895 1089 triclinum
919 1029 1043 1088 deducti
1059 1048 1173 1101 sumuS,
1191 1029 1243 1088 ubi
1261 1032 1329 1088 For-

136 1143 237 1192 tunata
253 1134 451 1208 disposuerat
466 1132 601 1190 lautitias
619 1129 719 1211 [suas]
737 1132 778 1189 ita
794 1140 827 1189 ut
843 1149 935 1205 supra
951 1130 1093 1190 lucernas
1362 1153 1377 1212 5

136 1235 339 1309 aeneolosque
351 1234 521 1308 piscatores
531 1232 700 1291 notaverim
713 1242 744 1290 et
753 1250 878 1290 mensas
889 1241 971 1289 totas
982 1242 1143 1307 argenteas
1153 1231 1329 1307 calicesque

135 1335 212 1393 circa
233 1334 345 1393 fictiles
367 1333 523 1390 inauratos
546 1342 576 1390 et
591 1332 695 1390 vinum
712 1332 743 1388 in
759 1341 928 1406 conspectu
951 1350 1042 1389 sacco
1057 1330 1205 1390 defluens.
1250 1333 1328 1389 Tum

135 1434 320 1492 Trimalchio
338 1432 453 1492 ‘amici'
470 1433 570 1509 inquit
587 1432 687 1491 ‘hodie
698 1451 805 1491 servus
821 1451 908 1490 meus
923 1432 1131 1490 barbatoriam
1143 1432 1224 1504 iecit,
1238 1433 1331 1491 homo

135 1534 308 1610 praefiscini
323 1534 403 1610 frugi
419 1543 449 1592 et
465 1533 617 1591 micarius
664 1536 774 1608 Itaque
796 1542 998 1609 tengomenas
1020 1534 1170 1591 faciamus
1187 1545 1217 1591 et
1232 1553 1331 1608 usque

134 1636 163 1693 in
186 1636 284 1694 lucem
301 1635 467 1693 cenemus.’
526 1635 616 1691 Haec
638 1634 760 1692 dicente
776 1652 813 1691 eo
843 1634 944 1709 gallus
972 1632 1162 1710 gallinaceus
1184 1635 1329 1693 cantavit.
1341 1657 1380 1694 ἰο

135 1736 202 1809 Qua
217 1755 295 1795 voce
311 1736 459 1794 confusus
475 1733 662 1793 Trimalchio
678 1734 783 1793 vinum
800 1735 857 1792 sub
874 1753 981 1792 mensa
997 1734 1086 1792 iussit
1101 1734 1219 1793 effundi
1235 1735 1330 1794 lucer-

134 1855 269 1913 namque
303 1836 395 1894 etiam
426 1854 510 1893 mero
533 1836 645 1912 spargi.
706 1838 806 1893 Immo
828 1834 953 1892 anulum
977 1834 1096 1893 traiecit
1117 1835 1146 1891 in
1171 1836 1328 1894 dexteram

135 1956 257 1995 manum
275 1946 305 1995 et
322 1943 403 1993 ‘non
427 1935 493 1994 sine
508 1936 620 1994 causa’
638 1936 738 2011 inquit
755 1936 825 1993 ‘hic
847 1935 979 1994 bucinus
995 1935 1115 2012 signum
1132 1935 1235 2008 dedit;
1259 1956 1330 1994 nam

135 2048 184 2096 aut
214 2036 393 2095 incendium
416 2044 536 2111 oportet
559 2036 621 2107 fiat,
646 2046 698 2093 aut
721 2035 833 2111 aliquis
856 2036 886 2093 in
909 2035 1022 2094 vicinia
1044 2036 1179 2093 animam
1209 2037 1329 2096 abiciet.

135 2140 240 2214 Longe
257 2157 275 2194 a
290 2136 389 2195 nobis.
436 2140 546 2211 Itaque
570 2136 711 2212 quisquis
727 2138 809 2194 hunc
825 2136 959 2195 indicem
976 2136 1118 2208 attulerit,
1137 2138 1330 2195 corollarium
1345 2155 1378 2212 15

134 2239 284 2314 accipiet)
315 2238 408 2300 Dicto
423 2237 513 2296 citius
529 2236 567 2295 de
584 2235 694 2295 vicinia
710 2235 810 2312 gallus
827 2237 938 2296 allatus
954 2246 1009 2309 est,
1027 2257 1118 2313 quem
1142 2239 1331 2297 Trimalchio

133 2341 218 2397 occuli
245 2338 343 2410 iussit,
374 2346 408 2396 ut
437 2356 515 2395 aeno
538 2347 644 2395 coctus
667 2336 762 2394 fieret.
822 2338 990 2395 Laceratus
1013 2337 1104 2413 igitur
1127 2338 1166 2395 ab
1189 2337 1240 2396 illo
1263 2339 1332 2398 doc-

133 2439 253 2498 tissimo
268 2456 353 2510 c0c0‚
372 2437 425 2513 qui
440 2438 534 2512 paulo
550 2446 622 2495 ante
638 2437 677 2495 de
692 2455 787 2512 porco
804 2456 876 2495 aves
899 2437 1064 2513 piscesque
1085 2439 1204 2497 fecerat
1219 2440 1250 2496 in
1266 2459 1331 2499 cac-

133 2541 245 2599 cabum
268 2549 317 2598 est
328 2538 496 2597 coniectus.
543 2540 687 2613 Dumque
711 2538 871 2596 Daedalus
893 2537 1050 2613 potionem
1072 2540 1331 2598 ferventissimam

134 2640 246 2712 haurit,
265 2642 435 2697 Fortunata
450 2639 533 2696 mola
549 2639 648 2696 buxea
664 2637 751 2714 piper
766 2637 857 2696 trivit.
1304 2691 1306 2694 ,
1343 2656 1382 2693 20

175 2741 313 2816 Sumptis
335 2739 426 2816 igitur
448 2739 571 2798 matteis
601 2738 770 2813 respiciens
794 2738 833 2796 ad
856 2738 1003 2795 familiam
1027 2740 1215 2799 Trimalchio
1240 2743 1332 2818 ‘quid

134 2843 206 2900 vos’
222 2840 323 2916 inquit
339 2840 460 2898 ‘adhuc
476 2859 538 2897 non
561 2839 719 2897 cenastis?
742 2838 834 2911 abite,
851 2849 885 2896 ut
906 2838 957 2896 alii
980 2840 1107 2899 veniant
1122 2841 1162 2898 ad
1178 2843 1332 2901 officium'

135 2942 235 3002 Subiit
257 2940 348 3017 igitur
371 2940 432 2998 alia
453 2940 571 3010 classis,
590 2949 621 2998 et
636 2938 679 2996 illi
695 2939 820 3015 quidem
843 2938 1071 2999 exclamavere:
1096 2942 1181 3000 ‘vale
1197 2944 1278 3014 Gai,’
1301 2945 1332 3001 hi

135 3052 257 3101 antem:
286 3048 362 3100 ‘ave
377 3042 458 3099 Gai.’

176 3144 262 3201 ‘Vos
277 3160 360 3218 rog0,
378 3141 477 3209 amici,
494 3150 527 3198 ut
542 3139 630 3199 vobis
647 3139 782 3198 suaviter
797 3141 845 3198 sit.
892 3142 972 3197 Nam
989 3160 1046 3217 ego
1063 3150 1187 3217 quoque
1209 3152 1271 3200 tam
1287 3145 1332 3202 fui
1345 3154 1380 3212 25

134 3262 225 3318 quam
241 3261 298 3302 vos
313 3241 396 3312 estis,
414 3242 469 3300 sed
487 3241 597 3300 virtute
613 3260 682 3299 mea
694 3241 803 3298 adhoc
819 3242 955 3316 perveni.
1002 3242 1169 3300 Corcillum
1186 3254 1234 3302 est
1249 3245 1333 3320 quod

135 3343 278 3403 homines
292 3342 375 3411 facit,
394 3351 496 3400 cetera
511 3342 677 3418 quisquilia
689 3341 802 3400 omnia.
850 3344 963 3400 “Bene
986 3361 1063 3414 emo,
1088 3343 1167 3401 bene
1184 3346 1283 3403 vendo
1296 3371 1302 3418 3
1315 3347 1332 3372 ”

135 3446 213 3503 alius
231 3444 290 3501 alia
306 3443 395 3501 vobis
410 3442 502 3501 dicet.
548 3442 707 3501 Felicitate
722 3441 851 3501 dissilio.
898 3443 968 3513 Sed,
986 3452 1019 3501 ut
1034 3462 1197 3519 coeperam
1220 3447 1331 3519 dicere,

135 3546 173 3604 ad
205 3546 286 3602 hanc
308 3562 356 3602 me
378 3544 533 3601 fortunam
562 3542 724 3619 frugalitas
747 3562 815 3601 mea
838 3542 987 3618 perduxit.
1043 3545 1120 3601 Tam
1144 3565 1274 3622 magnus
1297 3567 1334 3606 ex

135 3645 211 3704 Asia
227 3644 307 3716 veni,
319 3663 412 3720 quam
428 3644 477 3702 hic
493 3637 698 3701 candelabrus
714 3652 769 3701 est.
794 3644 845 3701 Ad
861 3661 1020 3716 summam,
1038 3645 1176 3719 quotidie
1192 3666 1241 3705 me
1259 3649 1334 3706 sole·
1343 3669 1383 3723 30

135 3747 206 3805 bam
223 3745 263 3803 ad
279 3744 364 3802 illum
381 3743 489 3815 metiri,
507 3753 537 3802 et
553 3752 586 3801 ut
601 3743 731 3802 celerius
747 3753 879 3802 rostrum
895 3744 1058 3802 barbatum
1075 3746 1229 3819 haberem,
1248 3749 1334 3806 labra

136 3846 172 3905 de
190 3846 315 3904 lucerna
338 3845 501 3921 ungebam
547 3847 700 3915 Ceterum,
726 3845 986 3918 quemadmodum
1004 3846 1035 3903 di
1050 3847 1166 3918 volunt,
1190 3848 1333 3908 dominus

137 3947 166 4005 in
183 3948 276 4006 domo
298 3946 399 4004 factus
423 3964 499 4017 sum,
517 3954 548 4004 et
563 3964 635 4004 ecce
656 3945 724 4020 cepi
746 3945 849 4020 ipsimi
879 3946 1073 4005 cerebellum.
1118 3949 1202 4020 Quid
1219 3951 1334 4009 multa?

137 4046 331 4108 Coheredem
343 4065 392 4105 me
405 4045 532 4104 Caesari
543 4045 624 4117 fecit,
639 4045 745 4120 accepi
755 4045 972 4120 patrimonium
989 4047 1184 4107 laticlauium.
1209 4051 1334 4108 Nemini

137 4157 239 4206 tamen
264 4146 339 4203 nihil
363 4146 438 4204 satis
454 4155 509 4204 est.
556 4145 729 4221 Concupivi
752 4146 910 4222 negotiari.
956 4149 1004 4205 Ne
1027 4148 1131 4206 multis
1153 4168 1209 4207 vos
1225 4166 1381 4225 morer,35

137 4249 274 4324 quinque
290 4265 386 4305 naves
402 4246 571 4316 aedificavi,
596 4245 722 4304 oneravi
738 4246 918 4305 vinum—et
932 4258 1005 4305 tunc
1021 4259 1086 4307 erat
1101 4259 1209 4307 contra
1224 4270 1333 4310 aurum

136 4348 249 4407 -misi
265 4349 405 4405 Romam.
431 4331 560 4405 Putares
576 4365 624 4404 me
639 4347 699 4405 hoc
711 4347 839 4405 iussisse
854 4370 859 4405 :
873 4366 980 4406 omnes
994 4367 1087 4407 naves
1104 4352 1333 4427 naufragarum,

136 4450 261 4519 factum,
279 4466 341 4505 non
356 4447 471 4505 fabula.
517 4448 590 4505 Uno
605 4447 655 4504 die
672 4449 838 4520 Neptunus
862 4448 1025 4507 trecenties
1055 4451 1226 4508 sestertium
1245 4453 1335 4511 devo

138 4549 224 4608 ravit.
249 4548 369 4605 Putatis
384 4566 432 4605 me
448 4547 625 4605 defecisse?
671 4549 743 4604 Non
759 4547 951 4606 mehercules
968 4549 1009 4605 mi
1025 4550 1101 4608 haec
1117 4550 1234 4609 iactura
1248 4555 1330 4629 gusti

138 4649 213 4721 fuit;
237 4657 383 4722 tanquam
422 4647 497 4704 nihil
532 4647 616 4706 lacti.
675 4647 798 4706 Alteras
835 4648 896 4706 feci
934 4649 1066 4708 maiores
1088 4661 1119 4709 et
1141 4652 1283 4712 meliores
1305 4663 1385 4719 et40

136 4749 298 4828 feliciores,
323 4757 356 4813 ut
378 4766 469 4812 nemo
491 4766 553 4811 non
577 4766 625 4808 me
647 4747 745 4810 virum
768 4749 879 4809 fortem
902 4749 1026 4810 diceret.
1092 4752 1193 4824 Scitis,
1219 4773 1330 4831 magna
