3217 5417
741 529 760 601 ὁ

149 699 302 788 Quinque
323 709 393 768 dies
415 729 526 786 aquam
556 708 587 765 in
608 728 755 767 ossuum
779 729 841 767 non
863 709 1004 778 coniecit,
1029 728 1092 768 non
1114 710 1224 768 micam
1247 697 1350 787 panis.

147 813 272 869 Tamen
287 811 365 870 abiit
380 811 420 868 ad
436 811 549 886 plures
573 809 689 868 Medici
704 810 790 866 illum
805 810 1014 884 perdiderunt,
1026 809 1120 868 immo
1135 812 1234 887 magis
1250 812 1352 869 malus

147 913 255 982 iatus3
279 912 420 970 medicus
434 911 516 968 enim
533 909 608 967 nihil
623 909 708 967 aliud
723 920 771 967 est
786 929 878 984 quam
895 910 989 967 animi
1005 911 1185 969 consolatio.
1231 913 1351 970 Tamen

148 1013 233 1071 bene
248 1013 350 1071 elatus
365 1022 422 1080 est,
439 1010 525 1069 vitali
547 1011 636 1081 lecto,
654 1010 798 1083 stragulis
820 1011 921 1069 bonis.
967 1011 1114 1068 Planctus
1129 1022 1178 1069 est
1191 1013 1352 1087 optime—

148 1132 248 1171 manu
263 1113 347 1170 misit
361 1111 615 1186 aliquot—etiam
632 1111 659 1168 si
674 1111 809 1187 maligne
832 1111 916 1167 illum
939 1111 1071 1186 ploravit
1094 1130 1178 1169 uxor.
1223 1111 1309 1185 Quid
1325 1113 1352 1170 si
1384 1131 1400 1188 5

148 1232 216 1271 non
229 1212 312 1269 illam
325 1212 442 1287 optime
454 1210 633 1285 accepisset.
659 1211 720 1269 Sed
733 1211 841 1268 mulier
852 1230 932 1286 quae
944 1211 1053 1269 mulier
1068 1211 1226 1269 milvinum
1242 1231 1352 1288 genus.

150 1313 319 1371 Neminem
343 1311 419 1368 nihil
435 1311 510 1369 boni
524 1311 627 1368 facere
643 1320 784 1385 oportet3
808 1330 906 1386 aeque
921 1322 970 1369 est
983 1311 1064 1368 enirn
1081 1330 1119 1368 ac
1135 1313 1161 1369 si
1178 1313 1209 1369 in
1225 1323 1352 1388 puteum

148 1411 301 1471 conicias.
346 1411 408 1469 Sed
424 1411 570 1485 antiquus
586 1429 672 1467 amor
686 1429 790 1468 carcer
807 1411 874 1468 est.’
1338 1391 1342 1400 ¹

195 1512 352 1569 Molestus
363 1511 430 1582 luit,
445 1511 647 1586 Philerosque
662 1511 882 1585 proclamavit:
928 1512 1094 1569 ‘Vivorum
1112 1512 1351 1571 meminerimus.

152 1612 211 1670 Ille
228 1612 330 1681 habet,
348 1611 432 1685 quod
447 1611 507 1669 sibi
523 1610 717 1668 debebatur:
741 1612 872 1669 honeste
888 1611 970 1681 vixit,
988 1612 1117 1670 honeste
1134 1612 1221 1671 obiit
1267 1612 1353 1686 Quid
1367 1631 1403 1667 ιο

149 1713 248 1771 habet
262 1711 347 1787 quod
362 1713 532 1786 queratur?
575 1711 625 1768 Ab
641 1730 711 1768 asse
726 1712 823 1769 crevit
837 1721 868 1769 et
879 1721 1005 1786 paratus
1019 1712 1078 1769 fuit
1093 1713 1297 1788 quadrantem
1314 1714 1353 1771 de

149 1822 289 1871 stercore
312 1810 468 1868 mordicus
489 1810 606 1868 tollere.
652 1813 762 1886 Itaque
784 1810 889 1881 crevit,
913 1811 1060 1886 quicquid
1082 1813 1187 1882 crevit,
1204 1823 1352 1889 tanquam

148 1913 251 1970 favus.
298 1914 377 1968 Puto
392 1910 583 1968 mehercules
599 1910 683 1968 illum
699 1910 861 1985 reliquisse
883 1911 984 1970 solida
998 1922 1132 1984 centum,
1149 1923 1180 1970 et
1195 1914 1298 1971 omnia
1321 1914 1352 1971 in

150 2012 289 2070 nummis
318 2010 435 2068 habuit.
496 2011 543 2067 De
575 2028 606 2067 re
628 2020 732 2067 tamen
763 2028 822 2086 ego
845 2029 949 2068 verum
986 2010 1096 2083 dicam,
1127 2013 1180 2087 qui
1217 2013 1351 2089 linguam

149 2112 295 2170 caninam
312 2110 453 2169 comedi:
477 2110 573 2168 durae
588 2110 704 2168 buccae
719 2109 786 2180 tuit,
804 2111 972 2185 linguosus,
989 2112 1154 2183 discordia,
1171 2132 1233 2170 non
1249 2113 1351 2172 homo.
1367 2129 1401 2186 15

151 2215 262 2270 Frater
277 2212 343 2270 eius
359 2210 447 2268 fortis
463 2211 529 2280 fuit,
547 2210 663 2267 amicus
679 2210 787 2281 amico,
805 2230 898 2268 manu
920 2212 1021 2286 plena,
1038 2224 1131 2271 uncta
1153 2233 1269 2271 mensa.
1316 2217 1353 2272 Et

149 2313 233 2371 inter
248 2312 335 2369 initia
350 2312 463 2367 malam
486 2329 609 2385 parram
631 2309 747 2384 pilavit‚
765 2311 821 2369 sed
838 2313 1001 2371 recorrexit
1023 2322 1126 2371 costas
1149 2314 1232 2372 illius
1254 2315 1353 2389 prima

151 2412 330 2481 vindernia3
354 2410 494 2468 vendidit
516 2410 598 2472 enirn
621 2410 734 2479 vinum,
759 2411 868 2486 quanti
884 2411 950 2487 ipse
966 2414 1070 2471 voluit.
1118 2416 1154 2471 Et
1170 2415 1254 2489 quod
1270 2415 1351 2473 illius

151 2523 291 2570 mentum
315 2511 448 2581 sustulit,
473 2511 674 2570 hereditatem
697 2511 826 2586 accepit,
849 2530 887 2568 ex
902 2531 962 2587 qua
985 2514 1055 2588 plus
1078 2514 1234 2585 involavit,
1259 2535 1351 2591 quam

150 2614 197 2671 illi
209 2612 348 2671 relictum
361 2621 416 2669 est.
442 2613 480 2668 Et
491 2611 542 2668 ille
555 2611 641 2686 stipS,
654 2612 727 2669 dum
743 2611 830 2668 fratri
845 2630 903 2669 suo
914 2612 1062 2684 irascitur,
1076 2615 1183 2673 nescio
1194 2616 1243 2673 cui
1253 2627 1353 2675 terrae
1364 2641 1404 2680 20

151 2713 218 2771 filio
235 2711 454 2788 patrimonium
470 2711 610 2786 elegavit.
636 2712 741 2787 Longe
756 2711 844 2787 fugit,
861 2712 1001 2787 quisquis
1018 2731 1091 2772 suos
1106 2715 1193 2790 fugit.
1233 2717 1353 2774 Habuit

151 2823 258 2871 autem
281 2811 470 2870 oracularios
492 2829 607 2882 servos
633 2812 684 2886 qui
707 2811 792 2869 illum
816 2831 941 2887 pessum
963 2813 1125 2871 dederunt.
1185 2818 1352 2891 Nunquam

150 2923 255 2971 autem
279 2922 362 2971 recte
384 2911 486 2979 faciet,
504 2912 556 2986 qui
572 2911 633 2969 cito
648 2912 754 2982 credit,
772 2912 879 2987 utique
901 2912 994 2971 homo
1016 2915 1188 2990 negotians.
1232 2917 1351 2976 Tamen

151 3032 270 3084 verum,
288 3013 372 3088 quod
384 3012 519 3069 frunitus
534 3022 590 3081 est,
608 3030 701 3087 quam
719 3011 772 3069 diu
787 3012 862 3068 vixit
967 3013 1016 3070 cui
1032 3014 1136 3072 datum
1153 3024 1209 3087 est,
1227 3036 1288 3075 non
1304 3018 1353 3076 cui

151 3114 353 3172 destinatum.
399 3113 495 3169 Plane
519 3113 672 3168 Fortunae
694 3111 784 3182 fitius,
802 3112 833 3168 in
849 3131 942 3169 manu
965 3113 1046 3171 illius
1068 3115 1228 3189 plumbum
1245 3137 1401 3198 aurum25

152 3214 257 3273 fiebat.
304 3212 408 3269 Facile
437 3222 486 3269 est
515 3207 626 3280 autem,
657 3211 710 3268 ubi
733 3211 836 3268 omnia
859 3212 1009 3287 quadrata
1031 3225 1166 3274 currunt.
1212 3219 1250 3275 Et
1278 3229 1353 3294 quot

152 3325 247 3390 putas
269 3313 354 3369 illum
377 3330 476 3369 annos
499 3330 602 3368 secum
626 3311 757 3369 tulisse?
802 3312 1003 3388 Septuaginta
1026 3324 1056 3372 et
1079 3334 1180 3390 supra.
1214 3318 1275 3375 Sed
1291 3338 1354 3376 cor·

152 3414 264 3473 neolus
280 3412 348 3483 fuit,
366 3422 499 3470 aetatem
515 3410 595 3469 bene
609 3412 737 3482 ferebat,
755 3411 841 3487 niger
862 3422 1009 3488 tanquam
1032 3433 1152 3473 corvus
1198 3419 1352 3476 Noveram

151 3513 333 3573 hominem?

199 3616 289 3672 Haec
313 3612 452 3670 Phileros
483 3610 567 3681 dixit,
593 3602 644 3668 illa
667 3612 884 3690 Ganymedes:
931 3615 1091 3673 ‘Narratis
1127 3616 1212 3692 quod
1234 3638 1291 3678 nec
1313 3620 1353 3678 ad
1363 3640 1404 3695 30

154 3714 275 3774 caelum
292 3732 350 3771 nec
362 3712 402 3769 ad
418 3722 530 3770 terram
546 3712 686 3787 pertinet,
701 3732 770 3769 cum
786 3713 906 3771 interim
924 3733 1015 3772 nemo
1030 3726 1124 3786 curat,
1139 3718 1214 3792 quid
1230 3739 1355 3778 annona

156 3815 287 3873 mordet.
333 3815 406 3870 Non
422 3811 614 3870 mehercules
637 3811 729 3870 hodie
751 3813 881 3871 buccam
905 3813 994 3889 panis
1017 3815 1153 3874 invenire
1176 3819 1271 3892 potui.
1317 3823 1355 3879 Et

156 3914 314 3992 quomodo
337 3912 462 3970 siccitas
485 3921 670 3987 perseverat.
730 3914 796 3969 Iam
820 3932 935 3970 annum
958 3915 1084 3973 esuritio
1106 3918 1174 3975 fuit.
1227 3921 1354 3980 Aediles

155 4016 237 4073 male
253 4013 384 4083 eveniat,
403 4013 538 4087 quicum
562 4011 730 4086 pistoribus
753 4012 913 4071 colludunt
930 4020 1049 4072 “serva
1064 4035 1121 4086 me,
1145 4021 1278 4078 servabo
1293 4023 1354 4080 te.''

154 4119 268 4190 ltaque
284 4114 418 4189 populus
441 4113 578 4170 minutus
600 4112 738 4182 laborat3
762 4131 833 4169 nam
850 4113 899 4170 isti
915 4114 1047 4173 maiores
1070 4118 1211 4177 maxillae
1233 4139 1355 4197 semper
1365 4139 1403 4196 35

155 4213 333 4275 Saturnalia
350 4223 453 4288 agunt.
498 4213 526 4271 Ο
543 4212 568 4270 si
584 4213 769 4270 haberemus
791 4213 860 4270 illos
876 4214 990 4285 leones
1008 4234 1086 4290 quos
1102 4236 1160 4294 ego
1175 4219 1225 4278 hic
1241 4222 1354 4295 inveni,

153 4335 226 4374 cum
249 4314 382 4390 primum
398 4332 435 4371 ex
451 4313 526 4370 Asia
542 4313 621 4371 veni.
647 4312 728 4370 Illud
743 4323 810 4371 erat
825 4313 935 4372 vivere.
972 4315 1078 4373 Simila
1095 4318 1121 4374 si
1137 4319 1257 4396 siligine
1280 4323 1356 4382 infe

153 4418 218 4475 rior
231 4424 316 4474 esset
331 4414 433 4471 larvas
449 4414 494 4471 sic
510 4413 586 4471 istos
608 4413 860 4488 percolopabant,
878 4423 911 4472 ut
927 4414 987 4473 illis
1005 4417 1122 4492 Iupiter
1145 4420 1240 4481 iratus
1262 4435 1354 4483 esset.

68 4591 72 4598 Υ
155 4516 248 4596 [Sed]
273 4513 398 4573 memini
430 4512 597 4572 Safinium:
642 4523 715 4571 tunc
744 4513 904 4572 habitabat
927 4515 967 4572 ad
998 4535 1102 4574 arcum
1139 4531 1283 4596 veterem,
1307 4543 1355 4584 me

154 4635 261 4694 puerO,
279 4614 376 4691 piper,
395 4633 456 4671 non
473 4615 574 4672 homo.
620 4616 653 4671 Is
668 4633 853 4689 quacunque
869 4614 933 4673 ibat
954 4625 1064 4674 terram
1088 4620 1247 4681 adurebat
1294 4626 1355 4685 Sed
1366 4639 1406 4691 40

153 4727 267 4788 rectuS,
280 4713 336 4773 sed
351 4724 462 4785 certuS,
476 4713 592 4771 amicus
608 4713 715 4785 amicq
729 4732 799 4771 cum
816 4733 878 4790 quo
888 4715 1035 4775 audacter
1050 4737 1159 4793 posses
1173 4721 1203 4778 in
1219 4724 1356 4785 tenebris
