3217 5417
859 567 893 639 18

279 763 392 821 Eamus
408 764 438 820 in
453 764 552 821 forum
570 775 599 822 et
612 765 759 840 pecunias
776 773 956 823 mutuemur.
1003 767 1068 821 Iam
1085 765 1165 822 scies
1181 766 1239 823 hoc
1253 765 1363 822 terrum
1381 759 1475 820 fidem

277 864 401 921 habere.
446 865 525 934 Vah,
551 864 630 922 bella
654 883 702 922 res
725 875 772 922 est
794 864 894 940 volpis
917 865 986 922 uda.
1034 868 1081 922 lta
1104 865 1221 922 lucrum
1245 864 1356 921 faciam
1381 874 1411 921 et
1435 863 1479 920 ita

276 963 356 1022 bene
380 964 491 1021 moriar
507 973 539 1021 ut
555 964 688 1039 populus
711 983 765 1039 per
781 965 893 1022 exitum
918 984 1018 1022 meum
1042 965 1128 1035 iuret,
1146 964 1205 1022 nisi
1221 974 1250 1022 te
1267 964 1380 1038 ubique
1403 973 1478 1039 toga

277 1082 421 1138 perversa
443 1065 530 1121 luero
554 1075 743 1139 persecutus.
790 1065 874 1122 Bella
891 1084 938 1123 res
954 1075 984 1122 et
1001 1066 1065 1135 iste,
1084 1065 1181 1140 quite
1197 1065 1273 1123 haec
1296 1064 1395 1135 docet,
1412 1083 1478 1120 mu-

276 1163 362 1234 frius,
387 1182 449 1222 non
472 1165 625 1240 magister.
690 1167 754 1222 Nos
775 1167 838 1222 alia
860 1165 1032 1236 didicimus,
1061 1165 1183 1223 dicebat
1206 1166 1286 1224 enim
1310 1165 1475 1240 magister:

279 1271 377 1322 “sunt
407 1274 508 1323 vestra
534 1266 640 1323 salva?
704 1267 803 1324 Recta
832 1266 976 1333 domum,
1014 1285 1097 1337 cave,
1115 1266 1364 1340 circumspicias3
1388 1284 1474 1334 cave,

277 1363 420 1422 maiorem
438 1366 613 1424 maledicas
659 1368 721 1423 Aut
737 1384 863 1423 numera
881 1365 1029 1442 mapalia:
1054 1385 1143 1424 nemo
1166 1366 1317 1440 dupondii
1340 1366 1476 1423 evadit.’'

278 1441 351 1540 Ego,
370 1466 452 1540 quod
470 1485 517 1523 me
534 1466 578 1523 sic
594 1466 688 1531 videS,
707 1475 832 1541 propter
848 1466 1007 1523 artificium
1031 1485 1130 1524 meum
1148 1466 1207 1523 diis
1222 1466 1337 1542 gratias
1354 1466 1431 1541 agu’
1482 1543 1485 1548 Ι

319 1569 472 1641 Coeperat
494 1567 639 1644 Ascyltos
656 1567 844 1640 respondere
860 1567 1008 1636 convici0,
1026 1566 1081 1624 sed
1097 1566 1286 1624 Trimalchio
1302 1566 1476 1624 delectatus

230 1692 265 1728 10
277 1666 428 1724 colliberti
445 1667 619 1741 eloquentia
638 1667 753 1742 ‘agite’
771 1666 870 1740 inquit
888 1667 1078 1724 ‘scordalias
1094 1667 1132 1724 de
1146 1666 1257 1724 medio,
1282 1665 1422 1723 Suaviter
1435 1666 1477 1723 sit

277 1767 387 1841 potius,
402 1778 432 1825 et
443 1777 485 1837 tu,
505 1768 682 1837 HermerOS,
700 1785 792 1841 parce
809 1766 1051 1824 adulescentulo
1098 1767 1243 1842 Sanguen
1259 1766 1300 1822 illi
1316 1767 1423 1836 fervet,
1443 1775 1476 1822 tu

281 1867 390 1924 melior
413 1878 488 1924 esto
536 1868 664 1941 Semper
686 1867 716 1922 in
733 1867 790 1924 hac
814 1886 845 1924 re
872 1867 924 1942 qui
947 1867 1086 1937 vincitur,
1118 1867 1219 1924 vincit.
1266 1867 1367 1924 Simus
1390 1885 1474 1941 erg0,

277 1967 359 2042 quod
383 1968 492 2025 melius
514 1976 569 2037 est,
588 1966 761 2040 aprimitiis
784 1966 896 2024 hilares
912 1979 942 2024 et
966 1967 1160 2024 Homeristas
1185 1968 1379 2043 spectemus)
1425 1969 1476 2023 In·

276 2067 367 2125 travit
382 2067 476 2124 tactio
494 2066 596 2124 statim
619 2066 778 2141 hastisque
801 2076 888 2126 scuta
904 2067 1090 2141 concrepuit.
1137 2070 1209 2141 Ipse
1232 2066 1419 2123 Trimalchio
1443 2066 1473 2122 in

230 2185 263 2244 15
277 2167 403 2240 pulvino
415 2166 564 2237 consedit,
578 2176 608 2224 et
620 2185 688 2224 cum
703 2167 900 2225 Homeristae
916 2168 1044 2225 Graecis
1059 2167 1200 2225 versibus
1215 2166 1472 2241 colloquerentur,

277 2277 309 2324 ut
324 2268 492 2325 insolenter
514 2267 622 2337 solent,
641 2267 690 2325 ille
713 2285 826 2324 canora
857 2286 929 2325 voce
957 2266 1066 2325 Latine
1090 2268 1211 2343 legebat
1233 2267 1351 2324 librum.
1398 2268 1474 2323 Mox

276 2368 497 2425 silentiotacto
522 2367 643 2444 ‘scitis’
673 2366 772 2442 inquit
804 2375 912 2441 ‘quam
935 2367 1071 2424 fabulam
1096 2369 1209 2443 agant?
1254 2367 1420 2425 Diomedes
1444 2376 1475 2424 et

276 2468 473 2546 Ganymedes
496 2468 558 2525 duo
569 2468 680 2525 tratres
706 2468 838 2524 fuerunt.
886 2468 1005 2525 Horum
1036 2486 1122 2525 soror
1136 2477 1201 2524 erat
1218 2467 1348 2525 Helena.
1395 2469 1477 2541 Aga-

276 2587 420 2626 memnon
437 2568 520 2624 illam
543 2567 643 2642 rapuit
655 2577 685 2625 et
700 2568 818 2625 Dianae
834 2586 956 2625 cervam
973 2567 1111 2625 subiecit.
1158 2571 1206 2625 lta
1222 2586 1303 2624 nunc
1317 2568 1473 2624 Homeros

228 2670 358 2739 zodicit,
391 2668 649 2744 quemadmodum
674 2668 751 2725 inter
775 2687 808 2725 se
824 2677 962 2744 pugnent
991 2668 1117 2726 Troiani
1133 2677 1162 2725 et
1179 2668 1345 2725 Parentini.
1391 2667 1474 2725 Vicit

277 2770 394 2828 scilicet
409 2780 439 2828 et
455 2769 658 2844 Iphigeniam,
676 2768 768 2825 filiam
792 2788 889 2839 suam,
907 2768 1020 2825 Achilli
1043 2768 1129 2826 dedit
1150 2787 1284 2826 uxorem.
1330 2768 1380 2826 Ob
1404 2787 1472 2826 eam

277 2890 338 2928 rem
358 2870 434 2927 Aiax
457 2868 572 2926 insanit
588 2878 617 2926 et
633 2869 736 2925 statim
760 2878 973 2944 argumentum
996 2868 1181 2943 explicabit’
1227 2870 1315 2926 Haec
1339 2878 1372 2926 ut
1395 2855 1482 2926 dixit'

275 2970 472 3041 Trimalchio,
497 2971 662 3027 clamorem
695 2970 892 3026 Homeristae
923 2969 1121 3040 sustulerunt,
1147 2969 1287 3043 interque
1324 2969 1473 3026 familiam

276 3072 498 3130 discurrentem
522 3069 634 3127 vitulus
658 3068 688 3125 in
713 3069 800 3126 lance
823 3069 950 3126 donaria
973 3069 1071 3126 elixus
1095 3069 1205 3126 allatus
1229 3079 1283 3138 est,
1301 3079 1332 3126 et
1347 3067 1472 3143 quidem

226 3185 240 3221 2
247 3184 261 3241 5
274 3173 422 3248 galeatus.
482 3172 612 3228 Secutus
635 3178 681 3227 est
704 3169 783 3226 Aiax
806 3169 973 3244 strictoque
995 3169 1108 3245 gladi0,
1133 3181 1279 3244 tanquam
1311 3170 1470 3240 insaniret,

275 3272 418 3342 concidit,
437 3290 472 3329 ac
495 3271 587 3328 modo
610 3288 698 3327 versa
722 3269 814 3326 modo
837 3270 947 3344 supina
970 3269 1180 3346 gesticulatus,
1206 3289 1352 3346 mucrone
1375 3271 1474 3327 frusta

275 3373 397 3449 collegit
413 3372 656 3445 mirantibusque
673 3370 800 3427 vitulum
818 3371 947 3444 partitus
963 3380 1018 3428 est.

319 3477 383 3532 Nec
399 3473 451 3530 diu
468 3472 568 3529 mirari
594 3470 679 3529 licuit
694 3481 755 3528 tam
779 3472 938 3546 elegantes
961 3472 1123 3546 strophas,
1147 3490 1218 3528 nam
1247 3480 1372 3545 repente
1389 3471 1471 3528 lacu-

274 3574 359 3632 naria
376 3592 485 3639 sonare
502 3582 669 3647 coeperunt
685 3580 844 3645 totumque
861 3572 1024 3629 triclinium
1042 3571 1205 3629 intremuit.
1245 3573 1473 3629 Consternatus

223 3695 331 3751 3oego
354 3673 510 3732 exsurrexi
526 3683 555 3731 et
570 3672 666 3742 timui,
685 3690 722 3729 ne
739 3691 792 3746 per
818 3681 931 3729 tectum
956 3672 1187 3746 petauristarius
1212 3671 1323 3745 aliquis
1346 3672 1473 3729 descen-

274 3776 368 3833 deret.
414 3777 480 3832 Nec
497 3774 597 3830 minus
614 3771 720 3847 reliqui
744 3773 892 3829 convivae
915 3771 1060 3829 mirantes
1084 3790 1207 3829 erexere
1231 3771 1341 3843 vultus,
1365 3791 1473 3846 expec-

274 3886 375 3935 tantes
392 3875 466 3950 quid
482 3874 553 3931 novi
570 3873 608 3930 de
624 3873 711 3929 caelo
727 3872 927 3929 nuntiaretur.
952 3873 1031 3929 Ecce
1048 3883 1149 3928 autem
1166 3872 1300 3929 diductis
1324 3873 1473 3930 lacunari-

273 3978 332 4035 bus
345 3977 446 4034 subito
462 3973 594 4032 circulus
606 3973 724 4047 ingens,
743 3971 780 4029 de
797 3990 876 4046 cupa
898 3971 1041 4029 videlicet
1056 3972 1164 4047 grandi
1190 3991 1345 4042 excussus
1364 3973 1472 4030 demit-

273 4078 354 4147 titur,
372 4076 458 4134 cuius
474 4094 527 4149 per
543 4083 637 4132 totem
654 4073 757 4130 orbem
775 4090 907 4129 coronae
924 4090 1033 4129 aureae
1049 4091 1118 4128 cum
1136 4072 1298 4129 alabastris
1321 4074 1472 4148 unguenti

222 4195 260 4252 35
274 4177 460 4253 pendebant.
507 4176 588 4231 Dum
612 4175 688 4231 haec
711 4173 900 4248 apophoreta
923 4171 1063 4229 iubemur
1085 4190 1214 4242 sumere,
1239 4172 1408 4247 respiciens
1432 4174 1471 4230 ad

273 4297 410 4335 mnsam
665 4275 724 4329 iam
748 4273 810 4330 illic
832 4272 1045 4346 repositorium
1074 4291 1142 4330 cum
1174 4272 1324 4345 placentis
1354 4272 1473 4347 aliquot

269 4371 338 4437 ‘errt
353 4377 495 4452 positum,
513 4375 597 4450 quod
613 4373 746 4431 medium
760 4373 903 4447 effigiesa
917 4372 1030 4446 pistore
1045 4373 1127 4451 facta
1144 4373 1276 4442 tenebat,
1291 4373 1470 4448 gremioque

273 4480 348 4537 saris
372 4478 473 4551 amplo
496 4474 595 4532 omnis
618 4473 739 4548 generis
762 4491 853 4546 poma
876 4482 906 4529 et
929 4491 1004 4529 uvas
1027 4472 1201 4530 sustinebat
1224 4484 1309 4530 more
1336 4474 1469 4548 vulgato.

273 4578 404 4637 Avidius
434 4576 472 4633 ad
503 4593 647 4650 pompam
675 4591 783 4629 manus
814 4572 1012 4646 porreximus,
1031 4582 1060 4629 et
1077 4583 1202 4646 repente
1227 4592 1306 4629 nova
1329 4573 1471 4630 ludorum

223 4679 378 4746 4omissio
401 4677 583 4733 hilaritatem
608 4674 656 4730 hic
680 4673 794 4730 refecit.
854 4673 972 4730 Omnes
995 4672 1075 4729 enim
1107 4673 1266 4747 placentae
1303 4673 1470 4747 omniaque

273 4798 363 4856 poma
379 4778 470 4836 etiam
488 4775 614 4832 minima
635 4773 797 4830 vexatione
820 4782 962 4829 contacta
978 4783 1146 4847 coeperunt
1161 4772 1319 4831 effundere
1335 4792 1471 4845 crocum,
