3217 5417
272 674 352 755 ‘sicut
373 677 482 755 Venus
504 703 634 773 spectat.
680 694 757 757 Ideo
781 699 857 756 nihil
879 708 968 770 tacet,
993 698 1043 756 vix
1066 694 1155 757 oculo
1178 703 1297 756 mortuo
1319 703 1467 773 unquam.

273 797 364 853 Illum
388 797 449 855 emi
472 798 617 856 trecentis
640 798 796 857 denariia’
841 800 1052 875 Interpellavit
1076 800 1252 874 loquentem
1276 799 1415 856 Scintilla
1439 810 1469 857 et

272 896 399 971 ‘plane'
415 897 515 973 inquit
538 904 619 956 ‘non
635 899 739 956 omnia
755 899 883 957 artificia
898 900 978 958 servi
1001 919 1135 975 nequam
1158 918 1273 971 narras,
1291 910 1322 957 at
1337 900 1465 970 curab0,

270 997 412 1073 stigmam
428 999 559 1056 habeat’
592 999 674 1056 Risit
689 999 878 1057 Trimalchio
893 1010 924 1058 et
940 1001 1172 1074 ‘adcognosco’
1199 999 1298 1074 inquit
1325 1001 1465 1076 ‘Cappa—

220 1105 236 1163 5
270 1097 397 1156 docem:
421 1097 497 1155 nihil
519 1099 578 1156 sibi
600 1099 763 1157 defraudit.
823 1101 985 1175 Tanquam
1002 1099 1144 1158 laudatus
1159 1110 1241 1159 esset
1257 1100 1467 1175 nequissimus

206 1257 210 1265 ,
270 1217 386 1270 servus,
403 1198 560 1257 lucernam
576 1200 614 1258 de
630 1200 700 1258 sinu
715 1200 839 1258 fictilem
855 1201 982 1276 protulit
998 1210 1027 1259 et
1044 1201 1176 1277 amplius
1191 1201 1345 1259 semihora
1359 1201 1468 1260 tubici-

270 1318 325 1357 nes
341 1299 477 1357 imitatus
492 1309 539 1357 est
554 1300 731 1358 succinente
756 1301 904 1358 Habinna
919 1310 950 1358 et
965 1301 1093 1359 inferius
1109 1301 1227 1358 labrum
1250 1319 1344 1358 manu
1366 1301 1466 1375 depri-

270 1410 380 1459 mente.
426 1399 543 1458 Ultimo
573 1400 664 1458 etiam
681 1401 713 1457 in
736 1401 870 1458 medium
901 1402 1050 1476 processit
1065 1411 1096 1460 et
1118 1401 1210 1459 modo
1239 1401 1466 1459 harundinibus

270 1500 392 1574 quassis
405 1500 566 1557 choraulas
578 1498 714 1558 imitatus
730 1501 882 1572 estmodo
895 1502 1069 1560 lacernatus
1079 1520 1149 1560 cum
1161 1501 1282 1578 fiagello
1295 1501 1464 1559 mulionum

223 1601 334 1658 ¹0fata
350 1601 420 1677 egit,
444 1600 543 1659 donec
566 1611 709 1659 vocatum
726 1601 765 1658 ad
781 1620 814 1659 se
833 1602 998 1659 Habinnas
1020 1601 1161 1672 basiavit,
1186 1603 1405 1677 potionemque
1422 1601 1466 1658 illi

270 1701 405 1776 porrexit
420 1711 451 1759 et
468 1707 571 1760 ‘tanto
587 1701 714 1759 melior'
730 1701 831 1777 inquit
847 1704 981 1773 ‘Massa
998 1702 1082 1760 dono
1098 1702 1153 1761 tibi
1168 1702 1304 1778 caligas'

311 1804 378 1859 Nec
394 1800 474 1859 ullus
486 1812 531 1860 tot
542 1802 690 1860 malorum
703 1802 774 1860 finis
789 1802 908 1873 luisset,
927 1803 986 1860 nisi
1001 1803 1156 1877 epidipnis
1172 1813 1256 1861 esset
1272 1804 1372 1875 allata,
1382 1802 1465 1860 turdi

270 1900 400 1978 siliginei
417 1902 483 1960 uvis
499 1901 600 1977 passis
616 1902 807 1977 nucibusque
829 1902 913 1961 tarsi.
960 1906 1104 1961 Insecuta
1120 1912 1192 1961 sunt
1208 1903 1349 1980 Cydonia
1371 1903 1463 1961 etiam

270 2002 350 2059 mala
365 2003 463 2078 spinis
492 2003 620 2073 confixa,
638 2012 671 2060 ut
686 2001 814 2061 echinos
844 2003 1008 2062 efficerent.
1054 2006 1092 2061 Et
1107 2005 1183 2061 haec
1206 2004 1331 2079 quidem
1353 2004 1463 2062 tolera-

222 2102 258 2160 Ι5
269 2103 343 2160 bilia
358 2113 453 2175 erant,
471 2103 496 2161 si
513 2122 573 2161 non
589 2103 749 2161 fericulum
767 2104 858 2180 longe
875 2104 1078 2162 monstrosius
1094 2100 1257 2176 effecisset,
1271 2114 1304 2162 ut
1318 2105 1367 2162 vel
1382 2105 1464 2162 fame

269 2203 368 2279 perire
390 2203 558 2263 mallemus,
605 2206 685 2261 Nam
700 2223 770 2262 cum
787 2205 906 2278 positus
921 2214 1011 2275 esset,
1029 2213 1062 2262 ut
1078 2223 1134 2262 nos
1156 2206 1352 2281 putabamus,
1374 2223 1465 2262 anser

270 2303 362 2361 altilis
377 2304 519 2380 circaque
535 2304 636 2380 pisces
652 2314 683 2362 et
697 2304 801 2362 omnia
816 2323 930 2380 genera
945 2305 1056 2375 avium,
1076 2304 1196 2362 ‘amici'
1220 2305 1320 2380 inquit
1336 2305 1464 2362 Trimal-

269 2405 339 2462 chio
356 2404 520 2480 ‘quicquid
535 2404 647 2463 videtis
663 2404 713 2463 hic
729 2405 873 2481 positum,
890 2406 929 2463 de
946 2424 1007 2462 uno
1024 2424 1151 2480 corpore
1167 2415 1214 2462 est
1227 2406 1363 2464 iactum)
1389 2407 1462 2481 Ego,

270 2505 387 2563 scilicet
402 2507 494 2563 homo
509 2505 775 2581 prudentissimus,
788 2506 891 2563 statim
909 2505 1043 2564 intellexi
1059 2505 1133 2581 quid
1149 2515 1240 2576 esset,
1255 2515 1285 2563 et
1294 2505 1463 2579 respiciens

220 2618 258 2670 20
269 2607 533 2681 Agamemnonem
551 2612 557 2639 ‘
569 2606 702 2664 mirabor
714 2607 720 2631 ’
738 2606 864 2682 inquam
882 2606 958 2663 ‘nisi
971 2607 1073 2663 omnia
1085 2607 1144 2664 ista
1156 2607 1238 2664 tacta
1250 2615 1323 2663 sunt
1334 2606 1373 2664 de
1386 2607 1459 2664 lut0.

269 2706 341 2763 Vidi
358 2707 476 2764 Romae
500 2706 715 2764 Saturnalibus
738 2705 890 2764 eiusmodi
906 2725 1051 2764 cenarum
1068 2707 1233 2782 imaginem
1256 2707 1342 2764 fieri'
1388 2709 1465 2764 Nec-

269 2806 341 2863 dum
365 2806 502 2865 finieram
526 2825 708 2878 sermonem‚
733 2826 801 2864 cum
824 2806 1012 2864 Trimalchio
1035 2808 1093 2864 ait:
1140 2806 1196 2864 ‘ita
1214 2825 1351 2865 crescam
1374 2807 1464 2880 patri-

270 2906 381 2978 monio,
399 2925 461 2964 non
483 2925 620 2983 corpore,
639 2916 671 2984 ut
687 2906 746 2965 ista
761 2926 855 2965 cocus
872 2926 958 2965 meus
974 2907 1013 2965 de
1029 2926 1123 2981 porco
1139 2907 1221 2965 fecit.
1268 2908 1339 2964 Non
1362 2915 1464 2981 potest

268 3025 336 3065 esse
352 3007 514 3082 pretiosior
528 3007 630 3065 homo.
675 3007 826 3078 VolueriS,
844 3008 882 3065 de
899 3008 985 3065 lardo
999 3007 1093 3066 faciet
1109 3008 1295 3083 palumbum,
1313 3007 1352 3065 de
1368 3026 1464 3083 perna

220 3113 256 3172 25
268 3117 425 3179 turturem,
442 3107 481 3166 de
497 3108 636 3183 colaepio
651 3108 806 3184 gallinam.
853 3110 890 3166 Et
905 3108 975 3166 ideo
985 3108 1116 3184 ‘ingenio
1139 3127 1207 3165 meo
1223 3108 1400 3182 impositum
1416 3118 1464 3166 est

269 3206 312 3264 illi
341 3226 453 3266 nomeu
482 3208 704 3279 bellissimum,
729 3226 799 3265 nam
831 3207 990 3267 Daedalus
1013 3218 1146 3266 vocatur.
1193 3209 1231 3265 Et
1253 3208 1327 3283 quia
1349 3208 1462 3265 bonam

269 3317 401 3366 mentem
423 3308 525 3380 habet,
543 3309 631 3367 attuli
646 3308 689 3365 illi
706 3310 807 3365 Roma
829 3327 942 3366 munus
964 3308 1078 3365 cultros
1101 3307 1215 3366 Norico
1230 3308 1331 3366 ferro.5
1375 3308 1463 3380 Quos

269 3409 371 3468 statim
388 3410 476 3468 iussit
490 3408 593 3467 afferri
615 3408 834 3483 inspectosque
865 3407 991 3466 miratus
1007 3418 1062 3466 est.
1109 3407 1208 3466 Etiam
1224 3407 1314 3466 nobis
1329 3417 1461 3483 potesta-

269 3517 329 3567 tem
345 3509 427 3580 fecit,
444 3519 478 3567 ut
493 3527 670 3567 mucronem
683 3508 722 3566 ad
738 3509 868 3566 buccam
884 3510 1095 3584 probaremus.

218 3627 259 3682 30
313 3609 420 3667 Subito
436 3609 625 3667 intraverunt
637 3609 698 3667 duo
709 3610 797 3681 servi,
812 3619 959 3685 tanquam
972 3610 1024 3684 qui
1034 3609 1129 3665 rixam
1141 3609 1180 3666 ad
1193 3609 1292 3666 lacum
1303 3608 1462 3679 fecissent,

270 3719 352 3767 certe
367 3709 398 3766 in
414 3709 493 3767 collo
508 3710 609 3768 adhuc
624 3711 789 3785 amphoras
806 3710 971 3768 habebant.
1018 3710 1096 3767 Cum
1112 3727 1185 3784 ergo
1208 3709 1397 3766 Trimalchio
1414 3709 1461 3765 ius

270 3810 349 3868 inter
364 3809 518 3886 litigantes
540 3810 665 3882 diceret,
683 3820 790 3868 neuter
805 3810 990 3868 sententiam
1005 3810 1075 3867 tulit
1098 3809 1302 3881 decernentis,
1321 3809 1376 3866 sed
1392 3810 1462 3866 alte

269 3910 332 3968 rius
348 3911 526 3986 amphoram
543 3899 625 3967 fuste
641 3910 802 3984 percussit.
842 3908 1040 3967 Consternati
1056 3927 1113 3966 nos
1129 3908 1293 3966 insolentia
1309 3908 1462 3966 ebriorum

269 4010 488 4068 intentavimus
504 4009 610 4067 oculos
626 4009 657 4065 in
673 4009 861 4084 proeliantes
884 4009 1120 4083 notavimusque
1143 4018 1246 4067 ostrea
1261 4008 1462 4083 pectinesque

219 4123 255 4181 35
269 4130 285 4169 e
301 4110 412 4187 gastris
435 4109 579 4181 labentia,
604 4128 683 4185 quae
699 4109 828 4167 collecta
850 4127 926 4183 puer
947 4108 1035 4166 lance
1051 4108 1244 4167 circumtulit.
1290 4109 1359 4165 Has
1376 4108 1459 4165 lauti-

268 4211 327 4269 tias
344 4210 486 4285 aequavit
508 4209 687 4286 ingeniosus
703 4228 814 4279 cocus;
838 4208 869 4265 in
885 4208 1030 4267 craticula
1047 4209 1129 4266 enim
1152 4217 1296 4284 argentea
1318 4209 1461 4265 cochleas

269 4311 369 4369 attulit
392 4319 422 4369 et
436 4312 565 4370 tremula
587 4310 824 4385 taeterrimaque
846 4328 922 4367 voce
945 4309 1088 4366 cantavit.

311 4411 411 4470 Pudet
425 4412 555 4482 referre,
565 4430 644 4486 quae
660 4420 825 4469 secuntur:
871 4409 1011 4466 inaudito
1026 4409 1107 4467 enim
1125 4426 1208 4465 more
1224 4407 1310 4482 pueri
1325 4407 1461 4482 capillati

268 4512 438 4570 attulerunt
474 4522 664 4588 unguentum
688 4511 719 4568 in
743 4519 888 4586 argentea
910 4510 1000 4584 pelve
1021 4509 1181 4584 pedesque
1217 4508 1460 4565 recumbentium

218 4623 257 4673 40
268 4621 428 4684 unxerunt,
459 4631 528 4669 curn
552 4622 623 4670 ante
646 4630 735 4670 crura
757 4611 900 4685 talosque
930 4609 1053 4668 corollis
1090 4608 1271 4665 vinxissent.
1318 4606 1402 4665 Hinc
1424 4626 1460 4664 ex

268 4713 376 4771 eodem
393 4723 549 4788 unguento
561 4713 592 4769 in
603 4711 754 4770 vinarium
770 4721 863 4787 atque
879 4710 1033 4769 lucernam
1050 4709 1239 4784 aliquantum
1252 4718 1300 4766 est
1316 4708 1458 4766 infusum.
