3217 5417
878 524 896 596 8

288 717 486 780 vehementer
521 719 680 797 percussit,
709 740 746 779 ex
771 721 859 779 cuius
888 722 979 798 plaga
1008 721 1089 780 turdi
1115 721 1322 801 evolaverunt.
1382 711 1487 780 Parati

289 839 424 897 aucupes
439 839 509 878 cum
525 820 751 879 harundinibus
765 822 892 880 fuerunt
908 832 939 880 et
954 840 1008 880 eos
1023 822 1105 880 circa
1121 822 1286 880 triclinium
1316 822 1484 880 volitantes

289 931 446 980 momento
458 934 653 997 exceperunt.
700 921 778 980 Inde
794 941 863 980 cum
881 941 970 980 suum
993 922 1103 998 cuique
1133 922 1274 981 iussisset
1299 923 1405 981 referri
1421 922 1489 979 Tri-

289 1022 430 1094 malchio,
448 1021 579 1080 adiecit:
626 1021 735 1080 ‘etiam
751 1022 863 1093 videte,
891 1041 983 1098 quam
1010 1041 1122 1097 porcus
1138 1023 1189 1082 ille
1213 1024 1373 1081 silvaticus
1388 1024 1484 1081 lotam

260 1122 456 1190 scomederit
484 1122 649 1199 glandem'
694 1123 802 1181 Statim
830 1123 917 1198 pueri
934 1123 973 1181 ad
988 1124 1153 1198 sportellas
1183 1134 1388 1194 accesserunt,
1406 1142 1488 1198 quae

288 1222 465 1298 pendebant
475 1242 492 1280 e
503 1222 658 1293 dentibuS,
679 1223 901 1299 thebaicasque
922 1234 952 1282 et
967 1234 1108 1301 caryotas
1121 1224 1161 1281 ad
1177 1242 1335 1282 numerum
1352 1223 1487 1281 divisere

289 1323 480 1381 cenantibus
527 1322 655 1381 Interim
670 1342 737 1400 ego,
752 1323 804 1399 qui
816 1324 968 1399 privatum
984 1324 1136 1383 habebam
1153 1343 1318 1395 secessum,
1332 1325 1363 1381 in
1374 1324 1488 1381 multas

289 1422 491 1501 cogitationes
507 1422 659 1482 deductus
672 1442 748 1495 sum,
763 1443 857 1499 quare
871 1444 944 1499 aper
960 1424 1102 1501 pilleatus
1118 1424 1270 1483 intrasset.
1318 1427 1487 1500 Postquam

290 1524 394 1600 itaque
409 1523 510 1581 omnis
526 1523 701 1582 bacalusias
727 1525 915 1600 consumpsi,
934 1525 1055 1584 decrevi
1082 1526 1269 1602 interrogare
1295 1525 1380 1583 illum
1397 1525 1488 1583 inter·

243 1633 407 1701 10pretem
438 1642 548 1695 meum,
580 1624 662 1700 quod
689 1643 737 1683 me
767 1634 931 1701 torqueret.
992 1627 1032 1684 At
1049 1625 1117 1683 ille:
1164 1626 1273 1701 ‘plane
1300 1625 1392 1684 etiam
1423 1625 1486 1682 hoc

289 1743 397 1783 servus
412 1732 484 1782 tuus
513 1723 649 1782 indicare
679 1734 802 1799 potest;
825 1745 888 1783 non
904 1725 985 1784 enim
1001 1725 1143 1802 aenigma
1159 1735 1214 1796 est,
1231 1725 1288 1783 sed
1302 1744 1353 1783 res
1368 1735 1486 1801 aperta.

291 1824 353 1882 Hic
368 1842 450 1899 aper,
462 1842 532 1881 cum
544 1823 610 1882 heri
621 1842 741 1882 summa
757 1844 835 1883 cena
845 1844 914 1883 eum
930 1824 1126 1897 vindicasset,
1141 1825 1308 1883 aconvivis
1337 1825 1485 1882 dimissus

288 1932 336 1996 est,
359 1923 464 2000 itaque
479 1923 571 1982 hodie
587 1933 733 1999 tanquam
750 1925 877 1983 libertus
893 1925 925 1982 in
940 1925 1115 1984 convivium
1132 1925 1310 1983 revertitur.'
1329 1924 1487 1982 Damnavi

290 2042 347 2101 ego
363 2033 519 2099 stuporem
535 2043 636 2082 meum
648 2034 679 2083 et
691 2024 766 2082 nihil
783 2026 915 2100 amplius
931 2025 1125 2102 interrogavi;
1142 2045 1180 2084 ne
1192 2026 1313 2084 viderer
1327 2044 1487 2100 nunquam

244 2141 277 2200 15
290 2125 368 2183 inter
384 2126 532 2184 honestos
548 2144 685 2183 cenasse.

333 2226 414 2282 Dum
430 2225 507 2283 haec
523 2224 684 2300 loquimur,
702 2244 777 2300 puer
792 2225 961 2300 speciosus
978 2225 1092 2283 vitibus
1107 2225 1292 2301 hederisque
1316 2225 1486 2296 redimitus,

291 2324 382 2384 modo
399 2324 563 2396 Bromium,
581 2325 732 2383 interdum
750 2327 886 2403 Lyaeum
905 2326 1097 2400 Euhiumque
1126 2326 1299 2396 confessuS,
1317 2326 1489 2383 calathisco

291 2444 367 2484 uvas
391 2424 576 2483 circumtulit
602 2435 632 2483 et
647 2435 790 2500 poemata
820 2425 937 2484 domini
963 2426 1010 2484 sui
1033 2425 1211 2484 acutissima
1236 2444 1313 2483 voce
1342 2425 1485 2482 traduxit.

291 2524 341 2582 Ad
356 2543 447 2600 quem
457 2543 566 2582 sonum
582 2544 752 2583 conversus
767 2525 956 2583 Trimalchio
974 2526 1149 2602 ‘Dionyse’
1166 2525 1265 2600 inquit
1282 2525 1379 2583 ‘liber
1395 2525 1484 2583 esto.'

241 2642 280 2679 20
292 2626 371 2683 Puer
386 2624 516 2683 detraxit
531 2625 655 2700 pilleum
669 2644 743 2701 apro
758 2626 914 2702 capitique
930 2645 986 2684 suo
1002 2625 1155 2700 imposuit.
1200 2627 1281 2684 Tum
1297 2624 1488 2682 Trimalchio

291 2744 396 2783 rursus
411 2725 542 2784 adiecit:
575 2733 656 2783 ‘non
672 2726 824 2802 negabitis
840 2727 908 2785 me'
925 2726 1025 2802 inquit
1042 2727 1171 2784 ‘habere
1187 2726 1331 2784 Liberum
1347 2725 1489 2800 patrem.'

291 2825 500 2883 Laudavimus
529 2826 644 2894 dictum
674 2826 912 2884 Trimalchionis
928 2836 965 2884 et
988 2826 1226 2885 circumeuntem
1254 2845 1381 2901 puerum
1411 2844 1489 2883 sane

292 2926 515 3001 perbasiamus.

334 3213 395 3269 III.
439 3210 488 3268 Ab
505 3211 563 3268 hoc
589 3209 923 3273 ferculoTrimalchio
953 3209 1090 3267 surrexit.
1137 3211 1203 3266 Nos
1218 3209 1390 3267 libertatem
1419 3207 1488 3267 sine

242 3331 278 3390 25
291 3320 422 3388 tyranno
439 3311 519 3369 nacti
536 3310 694 3386 coepimus
710 3309 840 3368 invitare
856 3310 1054 3368 convivarum
1070 3328 1237 3367 sermones.
1268 3311 1367 3366 Dama
1383 3309 1490 3384 itaque

291 3411 408 3487 primus
424 3430 493 3469 cum
519 3411 697 3487 pataracina
724 3410 925 3486 poposcisset,
956 3409 1059 3468 ‘dies’
1076 3410 1176 3485 inquit
1193 3409 1286 3467 ‘nihil
1302 3419 1358 3468 est.
1404 3411 1488 3466 Dum

292 3530 397 3571 versas
413 3520 451 3583 te,
469 3531 530 3569 nox
544 3512 586 3570 fit.
632 3513 741 3586 Itaque
768 3510 844 3567 nihil
867 3520 914 3568 est
930 3510 1047 3578 melius,
1076 3528 1169 3585 quam
1185 3510 1224 3569 de
1239 3509 1382 3568 cubiculo
1405 3519 1490 3568 recta

291 3612 322 3669 iu
338 3612 503 3673 triclinium
517 3612 568 3670 ire.
615 3614 652 3669 Et
668 3611 818 3668 mundum
847 3611 944 3685 frigus
974 3610 1145 3668 habuimus
1191 3610 1250 3667 Vix
1279 3629 1328 3668 me
1355 3610 1487 3668 balneus

291 3712 422 3771 calfecit.
467 3714 584 3770 Tamen
616 3712 705 3770 calda
734 3711 819 3786 potio
849 3710 1012 3768 vestiarius
1038 3720 1093 3769 est.
1140 3711 1328 3769 Staminatas
1354 3710 1436 3781 duxi,
1458 3720 1489 3769 et

239 3832 280 3886 30
291 3814 382 3889 plane
399 3821 499 3870 matus
515 3830 590 3870 sum.
635 3811 735 3869 Vinus
752 3808 826 3867 mihi
842 3811 874 3868 in
889 3810 1048 3869 cerebrum
1064 3810 1159 3868 abiit)

334 3912 461 3987 Excepit
477 3913 625 3992 Seleucus
640 3912 764 3969 fabulae
780 3919 898 3986 partem
915 3921 945 3969 et
962 3911 1037 3987 ‘ego'
1052 3911 1151 3986 inquit
1168 3918 1238 3968 ‘non
1255 3910 1367 3968 cotidie
1381 3911 1484 3979 lavor;

290 4013 425 4071 baliscus
455 4012 536 4071 enim
558 4012 634 4070 lullo
651 4020 705 4081 est,
723 4030 804 4085 aqua
833 4011 943 4069 dentes
973 4011 1074 4082 habet,
1091 4021 1121 4069 et
1136 4030 1189 4069 cor
1203 4021 1343 4069 nostrum
1372 4011 1486 4068 cotidie

290 4113 440 4189 liquescit.
486 4112 547 4172 Sed
563 4130 632 4171 cum
649 4111 740 4169 mulsi
769 4110 933 4185 pultarium
963 4110 1085 4182 obduxi,
1116 4110 1221 4186 frigori
1252 4110 1387 4168 laecasin
1404 4110 1482 4168 dico.

292 4216 358 4272 Nec
372 4232 448 4271 sane
463 4212 566 4271 lavare
581 4212 684 4287 potui;
714 4211 758 4269 lui
774 4210 855 4269 enim
872 4210 963 4269 hodie
979 4211 1009 4267 in
1025 4211 1127 4268 funus
1175 4212 1279 4268 Homo
1294 4210 1404 4280 bellus,
1422 4219 1484 4267 tam

240 4326 277 4385 35
292 4313 392 4372 bonus
409 4313 625 4390 Chrysanthus
656 4310 789 4368 animam
820 4310 946 4368 ebulliit.
993 4310 1098 4381 Modo,
1130 4310 1286 4368 modoine
1305 4310 1484 4384 appellavit.

292 4414 409 4473 Videor
424 4413 498 4470 mihi
514 4431 584 4471 cum
601 4412 653 4470 illo
668 4411 761 4487 loqui.
809 4412 889 4483 Heu,
907 4412 994 4469 eheu.
1041 4412 1134 4468 Utres
1161 4409 1257 4467 inflati
1282 4409 1485 4482 ambulamus.

292 4514 424 4573 Minoris
438 4533 531 4590 quam
544 4531 668 4572 muscae
680 4530 795 4583 sumuS,
811 4531 923 4568 muscae
944 4521 1045 4568 tamen
1058 4510 1192 4586 aliquam
1206 4510 1349 4568 virtutem
1363 4510 1487 4581 habent,
1519 4549 1525 4556 -

292 4634 349 4673 nos
365 4634 427 4673 non
443 4615 539 4690 pluris
554 4631 661 4672 sumus
677 4630 769 4688 quam
785 4612 897 4669 bullae.
944 4613 981 4669 Et
997 4610 1071 4686 quid
1088 4612 1113 4668 si
1130 4629 1191 4668 non
1208 4610 1351 4669 abstinax
1366 4611 1485 4668 luisset.
