3217 5417
854 517 890 567 14

256 679 369 737 Habeo
381 680 508 754 capides
521 680 564 750 M,
579 698 657 754 quas
674 679 796 754 reliquit
813 690 943 754 patrono
959 700 1016 736 meo
1033 678 1211 749 Mummius,
1225 679 1277 736 ubi
1294 679 1456 736 Daedalus

256 779 389 837 Niobam
405 779 435 836 in
452 798 565 854 equum
589 780 757 837 Troianum
780 779 918 837 includit.
965 781 1043 837 Nam
1070 779 1263 836 Hermerotis
1286 798 1405 855 pugnas
1421 789 1455 837 et

256 878 397 936 Petraitis
413 878 444 935 in
461 879 580 953 poculis
595 878 704 949 habeo,
723 879 827 937 omnia
843 879 1034 954 ponderosa:
1059 896 1159 937 meum
1183 880 1263 937 enim
1282 878 1454 954 intelligere

255 980 338 1037 nulla
354 981 485 1055 pecunia
501 980 622 1038 vendo'

205 1101 220 1160 5
297 1081 386 1139 Haec
402 1080 473 1138 dum
490 1081 590 1151 refert,
608 1082 682 1156 p'uer
699 1081 826 1138 calicem
843 1080 979 1155 proiecit.
1025 1080 1075 1137 Ad
1090 1100 1181 1156 quem
1197 1080 1367 1154 respiciens
1384 1079 1451 1135 Tri-

255 1181 388 1239 malchio
405 1181 501 1239 ‘cito’
526 1181 625 1256 inquit
649 1189 695 1239 ‘te
712 1181 812 1256 ipsum
828 1180 933 1245 caede.
950 1180 1022 1256 quia
1046 1200 1147 1256 nugax
1162 1200 1203 1238 es
1251 1180 1358 1238 Statim
1375 1199 1454 1254 puer

255 1282 390 1340 demisso
420 1282 506 1347 labro
535 1301 632 1339 orare.
679 1285 720 1338 At
735 1281 786 1339 ille
811 1281 904 1357 ‘quid
927 1282 993 1338 me'
1018 1280 1267 1357 inquit‘rogas?
1304 1289 1453 1356 tanquam

256 1400 313 1457 ego
336 1381 392 1440 tibi
413 1382 561 1440 molestus
586 1382 651 1439 sim.
699 1381 830 1452 Suadeo,
845 1401 863 1438 a
879 1391 908 1439 te
925 1382 1078 1456 impetres,
1098 1400 1135 1439 ne
1151 1381 1194 1439 sis
1218 1400 1327 1458 nugax.
1372 1383 1455 1438 Tan-

256 1481 421 1558 demergo
444 1491 586 1539 exoratus
610 1481 733 1539 anobis
757 1482 935 1539 missionem
958 1480 1045 1538 dedit
1075 1499 1178 1555 puero
1225 1481 1282 1538 Ille
1305 1480 1455 1538 dimissus

208 1601 244 1639 10
255 1582 336 1641 circa
351 1600 489 1639 mensam
505 1582 692 1657 percucurrit

299 1684 441 1758 ‘Aquam
457 1683 548 1753 foraS,
563 1682 667 1740 vinum
684 1682 781 1740 intro’
798 1682 942 1739 clamavit
1112 1681 1286 1756 Excipimus
1299 1681 1455 1739 urbanita-

255 1792 316 1841 tem
333 1782 472 1853 iocantis
490 1790 520 1840 et
537 1792 607 1840 ante
623 1801 730 1840 omnes
747 1785 970 1857 Agamemnon,
988 1783 1041 1857 qui
1057 1781 1183 1851 sciebat,
1208 1782 1319 1857 quibus
1335 1781 1454 1839 meritis

255 1892 450 1941 revocaretur
465 1883 504 1940 ad
520 1901 636 1940 cenam.
683 1884 826 1941 Ceterum
850 1882 993 1974 laudatus
1016 1881 1204 1940 Trimalchio
1226 1882 1352 1939 hilarius
1374 1882 1454 1939 bibit

256 1983 368 2041 etiam
391 1983 476 2041 ebrio
513 1983 669 2058 proximus
694 1984 820 2041 ‘nemo'
844 1983 942 2059 inquit
967 1990 1118 2041 ‘vestrum
1141 1992 1229 2059 rogat
1253 1984 1452 2041 Fortunatam

208 2096 242 2155 15
257 2102 363 2155 meam,
382 2092 415 2141 ut
431 2084 543 2141 saltet?

299 2186 401 2259 Atque
416 2184 483 2259 ipse
499 2183 609 2242 erectis
626 2202 718 2258 supra
732 2183 866 2240 frontem
884 2183 1028 2241 manibus
1046 2185 1154 2261 Syrum
1177 2183 1356 2242 histrionem
1372 2183 1455 2241 exhi-

256 2283 350 2342 bebat
372 2283 554 2343 concinente
569 2293 634 2341 tota
649 2283 784 2340 familia:
830 2281 946 2355 Μάδεια,
965 2282 1142 2359 Περιμάδεια.
1188 2285 1226 2341 Et
1241 2283 1395 2359 prodisset
1417 2283 1451 2340 in

258 2382 400 2455 medium,
432 2383 490 2441 nisi
518 2385 685 2441 Fortunata
708 2384 747 2441 ad
771 2401 874 2441 aurem
898 2383 1101 2453 accessisset;
1126 2381 1182 2463 [et]
1207 2384 1309 2455 credo,
1344 2384 1457 2442 dixerit

256 2503 319 2541 non
335 2484 443 2542 decere
458 2483 639 2560 gravitatem
655 2484 721 2542 eius
738 2494 799 2541 tam
816 2483 948 2541 humiles
971 2483 1111 2559 ineptias.
1157 2484 1242 2541 Nihil
1266 2494 1368 2543 autem
1385 2494 1450 2542 tam

208 2596 246 2633 20
257 2584 419 2660 inaequale
435 2592 518 2656 erat;
543 2603 614 2641 nam
629 2583 722 2642 modo
746 2586 943 2642 Fortunatam
968 2586 1127 2654 verebatur,
1145 2584 1237 2642 modo
1253 2585 1293 2642 ad
1310 2595 1452 2643 naturam

258 2703 344 2742 suam
360 2684 578 2742 revertebatur.

300 2787 338 2843 Et
353 2786 444 2860 plane
460 2784 665 2859 interpellavit
687 2784 860 2842 saltationis
876 2783 1033 2842 libidinem
1058 2785 1220 2856 actuarius
1238 2786 1289 2861 qui
1305 2797 1454 2862 tanquam

258 2885 341 2944 urbis
358 2895 424 2943 acta
441 2885 599 2944 recitavit:
646 2886 738 2942 ‘VIL
756 2884 908 2942 kalendas
924 2884 1065 2942 sextiles:
1111 2885 1140 2941 in
1157 2886 1285 2960 praedio
1301 2888 1452 2958 Cuman0,

258 2987 341 3061 quod
357 2997 404 3044 est
419 2985 664 3056 Trimalchionis,
689 2984 753 3042 nati
769 2994 841 3041 sunt
863 2985 949 3059 pueri
971 2986 1071 3056 XXX,
1096 2986 1217 3060 puellae
1232 2987 1308 3058 XL,
1332 2987 1453 3045 sublata

209 3105 244 3164 25
258 3086 289 3144 in
304 3087 445 3144 horreum
467 3105 505 3143 ex
527 3104 598 3144 area
626 3085 716 3143 tritici
740 3084 835 3141 millia
857 3085 992 3142 modium
1016 3085 1204 3161 quingenta3
1228 3087 1323 3144 boves
1345 3087 1454 3145 domiti

258 3185 427 3262 quingenti.
482 3186 599 3243 Eodem
622 3185 688 3243 die:
734 3183 934 3242 Mithridates
957 3204 1063 3242 servus
1087 3185 1118 3241 in
1141 3205 1262 3244 crucem
1287 3196 1374 3245 actus
1396 3198 1452 3258 est,

259 3285 330 3360 quia
345 3286 404 3343 Gai
420 3286 517 3343 nostri
539 3285 630 3361 genio
646 3285 726 3341 male
756 3284 882 3342 dixerat.
929 3285 1045 3343 Eodem
1062 3286 1129 3343 die:
1154 3286 1185 3343 in
1202 3305 1302 3344 arcam
1326 3288 1452 3346 relatum

258 3396 314 3458 est,
331 3386 415 3461 quod
437 3386 580 3444 collocari
603 3404 664 3443 non
688 3384 795 3460 potuit,
821 3385 993 3443 sestertium
1017 3386 1141 3444 centies
1189 3387 1302 3444 Eodem
1320 3388 1388 3445 die:
1412 3388 1454 3444 in-

259 3486 402 3544 cendium
424 3486 540 3544 factum
556 3495 603 3544 est
618 3486 649 3542 in
664 3485 761 3544 hortis
786 3485 991 3560 Pompeianis,
1009 3495 1109 3543 ortum
1125 3505 1162 3544 ex
1178 3487 1306 3545 aedibus
1337 3490 1453 3548 Nastae

209 3606 248 3661 30
259 3586 360 3644 vilici'
406 3586 548 3660 ‘Quid?'
593 3586 692 3662 inquit
707 3586 896 3644 Trimalchio
912 3587 1053 3661 ‘quando
1075 3587 1150 3643 mihi
1173 3587 1352 3662 Pompeiani
1375 3589 1454 3648 horti

259 3687 353 3762 empti
377 3688 487 3745 sunt?’
533 3689 642 3744 ‘Anno
658 3686 774 3761 priore’
806 3686 905 3761 inquit
935 3687 1088 3745 actuarius
1106 3696 1155 3744 ‘et
1170 3687 1240 3745 ideo
1257 3687 1287 3744 in
1304 3688 1453 3746 rationem

261 3787 396 3844 nondum
433 3788 602 3845 venerunt’
648 3786 820 3844 Excanduit
841 3786 1029 3844 Trimalchio
1053 3796 1082 3844 et
1113 3787 1324 3863 ‘quicunque'
1356 3788 1455 3864 inquit

261 3888 345 3944 ‘mihi
359 3888 449 3945 tundi
466 3887 560 3962 empti
575 3887 698 3958 tuerint,
715 3887 775 3944 nisi
791 3886 871 3943 intra
885 3896 1005 3944 sextum
1033 3906 1169 3945 mensem
1194 3888 1300 3957 sciero
1320 3888 1351 3945 in
1367 3889 1455 3946 ratio-

261 4007 316 4046 nes
331 4007 416 4046 meas
437 3988 549 4049 ‚inferri
565 3988 676 4045 vetuo'
721 3988 787 4043 Iam
810 3986 901 4043 etiam
919 3987 1020 4045 edicta
1037 3987 1179 4045 aedilium
1197 3987 1404 4046 recitabantur
1425 3999 1455 4047 et

210 4102 247 4162 35
261 4090 475 4147 saltuariorum
498 4098 692 4159 testamenta,
717 4088 830 4162 quibus
846 4088 1033 4145 Trimalchio
1049 4106 1118 4146 cum
1135 4088 1235 4164 elogio
1251 4090 1456 4148 exheredaba·

261 4200 326 4261 tur,
350 4189 410 4246 iam
436 4189 562 4246 nomina
587 4187 746 4245 vilicorum
770 4198 801 4246 et
827 4187 969 4245 atriensis
993 4188 1083 4245 Baias
1105 4188 1278 4264 relegatus,
1302 4189 1362 4246 iam
1385 4208 1455 4247 reus

260 4292 361 4348 tactus
377 4288 572 4363 dispensator
587 4297 618 4346 et
633 4287 778 4345 iudicium
795 4288 874 4346 inter
889 4287 1095 4345 cubicularios
1112 4298 1221 4346 actum.

304 4388 513 4448 Petauristarii
539 4397 641 4445 autem
664 4387 788 4445 tandem
819 4396 976 4445 venerunt.
1037 4389 1116 4445 Baro
1138 4387 1364 4446 insulsissimus
1386 4408 1454 4446 cum

262 4490 353 4549 scalis
389 4489 526 4547 constitit
562 4507 752 4564 puerumque
788 4488 878 4545 iussit
900 4506 954 4563 per
974 4488 1090 4563 gradus
1113 4497 1143 4546 et
1166 4488 1196 4545 in
1220 4507 1338 4546 summa
1370 4498 1454 4564 parte

211 4604 251 4655 40
262 4591 367 4649 odaria
383 4591 502 4660 saltare,
520 4589 650 4647 circulos
666 4588 778 4645 deinde
794 4588 938 4646 ardentes
961 4588 1114 4646 transilire
1126 4597 1156 4646 et
1171 4588 1316 4646 dentibus
1333 4590 1456 4664 ampho-

263 4711 327 4750 ram
352 4690 510 4751 sustinere.
556 4688 728 4749 Mirabatur
743 4688 820 4749 haec
837 4689 921 4748 solus
944 4688 1131 4753 Trimalchio
1153 4689 1337 4772 dicebatque
1360 4690 1456 4770 ingra-
