3217 5417
845 502 882 558 lo

269 666 391 741 micare.
436 668 474 739 in
488 680 574 740 curia
587 690 689 739 autem
713 682 870 758 quomodo
885 682 1026 758 singulos
1043 678 1118 762 [vel]
1135 679 1255 757 pilabat
1272 673 1462 761 [tractabat],

270 801 327 841 nec
343 782 484 841 schemas
506 781 689 858 loquebatur
711 781 768 841 sed
790 782 957 841 derectum.
1003 784 1082 841 Cum
1106 792 1209 859 ageret
1231 800 1324 858 porro
1339 780 1370 838 in
1384 781 1462 853 loro,

270 881 314 942 sic
343 881 423 941 illius
446 901 505 941 vox
526 881 686 941 crescebat
715 893 862 958 tanquam
886 883 969 941 tuba.
1014 885 1081 941 Nec
1103 882 1225 941 sudavit
1247 900 1382 957 unquam
1406 900 1463 939 nec

269 981 381 1059 expuit,
399 992 474 1058 puto
489 1001 558 1041 eum
575 982 681 1041 nescio
703 982 778 1059 quid
793 982 919 1042 Asiadis
942 982 1097 1041 habuisse.
1144 984 1182 1041 Et
1196 1000 1289 1056 quam
1311 983 1462 1058 benignus

220 1105 235 1165 5
269 1084 445 1154 resalutare,
457 1082 581 1141 nomina
597 1083 733 1141 omnium
749 1083 887 1156 reddere,
902 1093 1049 1158 tanquam
1066 1102 1145 1141 unus
1161 1083 1200 1141 de
1215 1083 1314 1141 nobis.
1354 1086 1463 1159 Itaque

270 1183 322 1242 lllo
337 1193 474 1258 tempore
490 1201 614 1241 annona
630 1202 686 1259 pro
701 1183 765 1242 luto
780 1193 855 1243 erat.
901 1187 981 1242 Asse
997 1203 1108 1259 panem
1132 1203 1222 1259 quem
1246 1183 1383 1254 emisses,
1402 1202 1462 1241 non

269 1283 423 1359 potuisses
440 1302 509 1342 cum
525 1284 620 1342 altero
636 1283 793 1342 devorare.
840 1286 931 1342 Nunc
946 1285 1069 1341 oculum
1084 1283 1212 1342 bublum
1229 1284 1291 1342 vidi
1307 1284 1461 1341 maiorem.

271 1385 343 1443 Heu
358 1384 426 1455 heu,
445 1384 583 1460 quotidie
598 1383 695 1459 peius.
742 1385 832 1442 Haec
847 1384 968 1443 colonia
984 1395 1174 1443 retroversus
1190 1386 1302 1443 crescit
1316 1395 1462 1460 tanquam

269 1483 348 1543 coda
363 1484 458 1543 vituli.
505 1484 566 1543 Sed
589 1503 684 1559 quare
700 1503 757 1543 nos
773 1485 923 1543 habemus
946 1485 1077 1543 aedilem
1100 1485 1191 1543 trium
1206 1485 1393 1558 cauniarum,
1411 1486 1463 1560 qui

222 1605 259 1644 10
270 1584 327 1644 sibi
344 1585 459 1644 mavult
474 1603 575 1643 assem
591 1603 683 1661 quam
699 1584 793 1644 vitam
810 1586 970 1644 nostram?
1015 1588 1125 1661 Itaque
1148 1585 1232 1644 domi
1255 1586 1377 1662 gaudet,
1394 1585 1463 1661 plus

269 1686 299 1744 in
315 1686 366 1745 die
381 1704 573 1746 nummorum
590 1685 710 1761 accipit,
729 1705 820 1761 quam
836 1686 914 1745 alter
929 1686 1147 1762 patrimonium
1163 1687 1266 1745 habet.
1305 1689 1370 1744 lam
1388 1686 1459 1756 scio,

270 1786 351 1845 unde
367 1786 521 1861 acceperit
536 1785 681 1844 denarios
698 1786 779 1844 mille
795 1805 914 1844 aureos.
940 1789 1031 1844 Nunc
1043 1787 1178 1862 populus
1190 1796 1238 1845 est
1250 1786 1332 1844 domi
1348 1787 1461 1856 leones,

269 1887 353 1945 foras
375 1886 493 1962 vulpes.
538 1885 631 1959 Quod
648 1886 687 1944 ad
704 1904 752 1945 me
775 1887 892 1959 attinet,
910 1887 970 1944 iarn
993 1906 1114 1962 pannos
1138 1906 1223 1945 meos
1245 1886 1374 1958 comedi,
1391 1898 1421 1944 et
1437 1886 1460 1944 si

270 1996 446 2062 perseverat
461 1988 538 2045 haec
555 2005 686 2058 annona,
704 1988 828 2045 casulas
844 2006 929 2046 meas
944 1988 1086 2046 vendam.
1131 1987 1215 2061 Quid
1231 1988 1312 2046 enirn
1328 1989 1462 2044 futurum

222 2096 324 2161 15est,
348 2088 374 2146 si
398 2105 454 2146 nec
476 2087 519 2145 dii
541 2106 598 2146 nec
621 2086 761 2146 homines
783 2087 875 2147 huius
897 2087 1037 2146 coloniae
1060 2088 1265 2146 miserentur?
1308 2090 1357 2145 Ita
1379 2106 1465 2145 meos

268 2187 429 2259 fruniscar,
454 2197 486 2245 ut
501 2206 559 2264 ego
575 2197 649 2263 puto
665 2187 768 2246 omnia
785 2188 836 2246 illa
853 2207 870 2245 a
886 2188 987 2246 diibus
1011 2188 1084 2246 fieri,
1131 2191 1231 2246 Nemo
1247 2188 1329 2246 enim
1345 2188 1462 2246 caelum

269 2288 387 2347 caelum
419 2296 515 2364 putat,
538 2306 628 2346 nemo
651 2287 796 2346 ieiunium
831 2298 940 2359 servat,
965 2307 1055 2346 nemo
1088 2292 1195 2347 Iovem
1228 2288 1281 2364 pili
1302 2288 1385 2360 facit,
1409 2288 1465 2346 sed

269 2406 377 2446 omnes
408 2388 521 2463 opertis
545 2387 642 2446 oculis
664 2387 746 2445 bona
769 2406 825 2445 sua
848 2383 1045 2463 computant]
1096 2390 1198 2446 Antea
1228 2389 1357 2446 stolatae
1379 2387 1465 2445 ibant

271 2487 362 2546 nudis
384 2488 515 2564 pedibus
538 2488 569 2545 in
592 2488 713 2559 clivum,
739 2487 840 2562 passis
863 2488 991 2564 capillis,
1017 2489 1172 2547 mentibus
1195 2489 1288 2564 puris,
1312 2499 1343 2546 et
1358 2491 1465 2546 Iovem

222 2602 382 2664 aoaquam
405 2588 581 2647 exorabant.
628 2591 737 2663 ltaque
759 2588 863 2646 statim
887 2589 1033 2646 urceatim
1057 2588 1218 2664 plovebat:
1242 2598 1296 2646 aut
1317 2597 1391 2646 tunc
1413 2598 1466 2646 aut

270 2706 427 2764 nunquam
445 2711 451 2746 ε
475 2696 505 2746 et
520 2706 628 2746 omnes
643 2687 786 2746 redibant
802 2688 855 2746 udi
871 2696 1018 2763 tanquam
1041 2707 1152 2746 mures,
1185 2690 1295 2764 ltaque
1311 2688 1353 2745 dii
1369 2688 1466 2763 pedes

270 2787 392 2847 lanatos
408 2789 531 2859 habent,
549 2788 621 2865 quia
638 2806 695 2847 nos
710 2788 845 2865 religiosi
862 2807 923 2847 non
941 2807 1056 2846 sumus.
1102 2788 1176 2864 Agri
1192 2788 1293 2846 iacent
1306 2789 1355 2831 ’—

314 2889 394 2946 ‘Oro
417 2888 464 2947 te'
496 2888 595 2964 inquit
626 2888 741 2947 Echion
773 2889 971 2947 centonarius
999 2877 1126 2947 ‘melius
1156 2889 1291 2965 loquere.
1338 2889 1468 2947 “Modo

271 2987 324 3060 sic,
343 2988 435 3047 modo
451 2988 521 3047 sic”
539 2987 637 3064 inquit
668 2988 820 3060 rusticus;
844 2989 960 3048 varium
991 3008 1117 3065 porcum
1141 2989 1327 3064 perdiderat.
1371 2989 1468 3062 Quod

221 3099 257 3159 25
270 3088 364 3148 hodie
386 3098 519 3161 nonest,
537 3108 605 3148 cras
621 3089 696 3161 erit3
721 3089 765 3147 sic
781 3089 844 3147 vita
866 3090 1006 3148 truditur.
1052 3093 1123 3148 Non
1154 3091 1345 3148 mehercules
1367 3089 1469 3165 patria

270 3188 377 3248 melior
400 3189 460 3248 dici
483 3199 593 3266 potest,
618 3189 643 3248 si
666 3189 807 3248 homines
830 3190 966 3249 haberet.
1013 3192 1074 3249 Sed
1097 3191 1216 3249 laborat
1237 3192 1296 3249 hoc
1318 3200 1467 3265 tempore,

270 3308 328 3349 nec
350 3291 426 3349 haec
449 3292 524 3350 sola.
569 3293 640 3348 Non
663 3290 813 3349 debemus
836 3290 961 3349 delicati
984 3310 1062 3362 esse,
1087 3290 1202 3367 ubique
1225 3291 1345 3350 medius
1360 3292 1469 3349 caelus

269 3400 324 3450 est.
370 3392 417 3449 Tu
434 3391 460 3450 si
476 3391 570 3449 aliubi
585 3390 690 3462 fueris,
707 3391 792 3450 dices
808 3390 858 3448 hic
874 3410 984 3466 porcos
1006 3400 1112 3450 coctos
1128 3391 1294 3450 ambulare.
1340 3394 1378 3450 Et
1392 3410 1468 3450 ecce

270 3491 403 3550 habituri
419 3510 525 3550 sumus
541 3510 651 3549 munus
666 3491 835 3550 excellente
848 3492 879 3548 in
890 3491 1001 3563 triduo,
1012 3491 1062 3550 die
1077 3492 1158 3550 festa
1171 3516 1178 3559 ς
1194 3491 1311 3550 familia
1326 3510 1387 3550 non
1403 3492 1468 3549 lan-

219 3591 377 3668 3oisticia‚
395 3592 450 3651 sed
466 3591 586 3667 plurimi
609 3592 718 3650 liberti.
765 3594 803 3650 Et
818 3593 908 3651 Titus
923 3601 1029 3650 noster
1044 3611 1189 3669 magnum
1212 3593 1347 3650 animum
1370 3593 1468 3651 habet

270 3701 301 3752 et
315 3704 363 3752 est
377 3692 633 3752 caldicerebrius:
671 3702 724 3750 aut
739 3693 799 3750 hoc
815 3703 868 3750 aut
883 3693 958 3751 illud
988 3693 1054 3764 erit,
1073 3693 1148 3768 quid
1164 3694 1277 3769 utique.
1324 3695 1404 3751 Nam
1420 3693 1467 3750 illi

270 3793 457 3853 domesticus
470 3812 547 3864 sum,
565 3811 626 3852 non
643 3802 690 3851 est
706 3792 821 3851 miscix.
869 3795 994 3851 Ferrum
1017 3795 1166 3869 optimum
1181 3794 1310 3851 daturus
1325 3803 1380 3864 est,
1398 3794 1466 3851 sine

269 3894 352 3970 luga,
369 3894 543 3952 carnarium
558 3892 590 3950 in
602 3893 704 3952 medio
720 3903 754 3951 ut
765 3893 1027 3968 amphitheatrum
1043 3893 1155 3951 videat.
1201 3895 1239 3951 Et
1254 3892 1348 3951 babet
1362 3893 1465 3951 unde:

270 3993 408 4053 relictum
424 4004 471 4052 est
487 3993 529 4051 illi
546 3993 720 4052 sestertium
743 3993 909 4064 tricenties,
927 3993 1061 4052 decessit
1084 3993 1165 4050 illius
1188 4003 1275 4068 pater
1289 3993 1376 4051 male.
1422 3993 1467 4050 Ut

219 4110 257 4170 35
270 4094 494 4170 quadringenta
510 4093 677 4169 impendat,
691 4112 754 4151 non
769 4094 882 4151 sentiet
897 4093 1114 4169 patrimonium
1131 4093 1220 4163 illius,
1232 4103 1263 4151 et
1278 4093 1465 4168 sempiterno

270 4195 487 4253 nominabitur.
533 4197 599 4252 lam
630 4193 754 4252 Manios
784 4193 901 4269 aliquot
930 4194 1024 4253 habet
1047 4204 1077 4252 et
1092 4193 1250 4251 mulierem
1265 4193 1464 4251 essedariam.

271 4295 332 4355 Sed
355 4294 534 4364 subolfaci0,
565 4294 649 4370 quod
679 4294 769 4353 nobis
799 4294 924 4370 epulum
952 4294 1079 4352 daturus
1095 4304 1142 4352 est
1159 4295 1343 4365 Mammaea,
1373 4295 1465 4353 binos

269 4395 413 4456 denarios
430 4395 503 4453 mihi
519 4405 550 4453 et
565 4395 649 4453 meis.
695 4395 788 4468 Quod
804 4396 830 4453 si
846 4395 905 4453 hoc
919 4396 1035 4466 lecerit,
1060 4396 1169 4471 eripiat
1195 4395 1345 4454 Norbano
1365 4403 1462 4452 toturn

269 4498 416 4556 favorem.
462 4496 549 4555 Scias
565 4506 693 4570 oportet,
718 4496 819 4571 plenis
849 4495 926 4553 velis
942 4497 1025 4554 hunc
1054 4496 1248 4554 vinciturum.
1294 4497 1333 4553 Et
1348 4514 1464 4564 revera,

220 4610 260 4662 40
271 4597 346 4674 quid
376 4597 426 4656 ille
455 4596 546 4654 nobis
575 4596 648 4653 boni
676 4596 772 4654 fecit?
831 4596 925 4653 Dedit
953 4595 1141 4672 gladiatores
1170 4596 1375 4654 sestertiarios
1405 4596 1465 4652 iam

270 4698 454 4773 decrepitos,
486 4716 565 4773 quos
580 4697 606 4755 si
621 4697 787 4767 sufflasses,
812 4696 1017 4766 cecidissent3
1040 4696 1100 4753 iam
1130 4697 1273 4755 meliores
1301 4695 1465 4754 bestiarios
