3217 5417
230 526 473 664 CENA
527 526 1266 667 TRlllllALCHlONlS.

191 916 216 972 Ι.
261 916 397 973 Venerat
411 913 472 972 iam
487 914 594 974 tertius
610 914 686 988 dies,
699 915 731 974 id
744 924 791 974 est
806 916 980 992 expectatio
995 915 1109 976 liber'ae
1125 935 1230 975 cenae.
1255 917 1345 975 Unus

150 1032 257 1073 servus
273 1014 516 1092 Agamemnonis
538 1014 745 1091 interpellavit
766 1015 958 1092 trepidantes
975 1025 1005 1076 et
1021 1016 1132 1093 ‘quid?
1147 1017 1222 1075 vos'
1245 1016 1345 1092 inquit

151 1114 302 1186 ‘nescitis
314 1115 406 1174 hodie
419 1115 501 1192 apud
514 1134 606 1191 quem
622 1115 695 1174 fiat?
718 1115 916 1189 Trimalchio,
933 1116 1124 1176 lautissimus
1139 1118 1240 1189 homo,
1258 1118 1346 1175 horo

150 1214 265 1290 logium
287 1215 319 1272 in
348 1214 481 1274 triclinio
503 1224 534 1274 et
555 1215 768 1274 bucinatorem
798 1215 892 1275 habet
922 1216 1134 1289 subornatum,
1157 1225 1191 1275 ut
1212 1215 1345 1275 subinde

149 1314 235 1387 sciat,
253 1324 402 1392 quantum
418 1315 457 1375 de
472 1315 535 1375 vita
558 1316 745 1392 perdiderit’
788 1315 960 1375 Amicimur
981 1334 1055 1394 ergo
1076 1316 1240 1393 diligenter
1255 1315 1344 1375 obliti
1376 1327 1392 1387 5

148 1415 285 1473 omnium
309 1416 468 1488 malorum,
493 1425 523 1475 et
545 1416 660 1475 Gitona
683 1415 886 1475 libentissime
908 1416 1018 1475 servile
1040 1416 1172 1475 officium
1205 1425 1344 1475 tuentem

148 1534 247 1591 usque
263 1516 321 1574 hoc
337 1515 479 1575 iubemus
489 1516 521 1574 in
532 1516 644 1575 balnea
659 1515 756 1593 sequi.
801 1518 869 1575 Nos
885 1516 1007 1575 iuterim
1023 1516 1125 1576 vestiti
1140 1534 1240 1575 errare
1255 1534 1344 1592 coep

147 1616 228 1674 imus
310 1615 405 1675 immo
420 1616 514 1675 iocari
528 1616 627 1693 magis
642 1625 673 1675 et
687 1615 810 1675 circulis
822 1617 979 1689 accedere,
1003 1635 1071 1677 cum
1088 1616 1191 1675 subito
1201 1615 1342 1675 videmus

146 1734 251 1775 senem
268 1717 397 1788 calvum,
414 1716 518 1775 tunica
532 1716 676 1775 vestitum
691 1734 809 1788 russea,
826 1715 905 1776 inter
926 1735 1039 1793 pueros
1062 1716 1223 1793 capillatos
1239 1717 1344 1776 luden-

145 1824 208 1874 tem
223 1816 295 1892 pila.
341 1818 408 1875 Nec
423 1824 486 1874 tam
512 1815 600 1892 pueri
612 1834 677 1888 nos,
704 1834 891 1892 quamquam
918 1824 983 1875 erat
1007 1834 1119 1892 operae
1145 1815 1286 1892 pretium,
1303 1815 1343 1874 ad
1357 1827 1393 1865 10

146 1917 356 1992 spectaculum
379 1916 540 1987 duxerant,
557 1935 649 1993 quam
671 1914 738 1992 ipse
763 1925 852 1991 pater
873 1916 1018 1988 familiae,
1043 1916 1095 1993 qui
1118 1916 1254 1975 soleatus
1276 1916 1340 1992 pila

145 2016 272 2091 prasina
295 2016 502 2075 exercebatur.
547 2018 615 2075 Nec
630 2016 762 2093 amplius
778 2035 847 2075 earn
862 2016 1022 2093 repetebat
1044 2035 1123 2093 quae
1145 2025 1257 2076 terram
1274 2035 1344 2076 con-

144 2115 264 2193 tigerat,
282 2099 337 2175 sed
352 2116 457 2175 follem
473 2116 598 2193 plenum
624 2105 759 2175 hahebat
775 2135 882 2176 servus
898 2116 1130 2192 sufficiebatque
1153 2116 1341 2176 ludentibus.
1364 2146 1368 2152 »

144 2217 330 2276 Notavimus
352 2217 445 2276 etiam
468 2235 516 2275 res
542 2235 648 2276 novas.
694 2219 775 2275 Nam
799 2217 861 2276 duo
887 2217 1043 2293 spadones
1059 2216 1091 2274 in
1112 2216 1235 2276 diversa
1257 2227 1343 2293 parte

144 2317 251 2376 circuli
266 2317 399 2389 stabant,
416 2335 547 2394 quorum
563 2317 640 2376 alter
654 2317 837 2376 numerabat
858 2317 946 2393 pilas,
963 2336 1027 2377 non
1042 2317 1167 2393 quidem
1183 2336 1237 2376 eas
1260 2336 1340 2394 quae
1356 2323 1391 2383 15

143 2417 224 2477 inter
239 2437 349 2477 manus
365 2417 435 2476 lusu
451 2418 622 2492 expellente
638 2416 810 2489 vibrabant,
828 2417 883 2475 sed
898 2435 952 2477 eas
971 2436 1051 2493 quae
1073 2417 1105 2474 in
1127 2426 1239 2476 terram
1262 2417 1343 2476 deci-

144 2518 272 2577 debant.
310 2520 389 2578 Cum
402 2519 459 2576 has
471 2536 544 2594 ergo
556 2517 735 2576 miraremur
749 2516 893 2589 lautitias,
907 2517 1038 2576 accurrit
1050 2518 1213 2577 Menelaus
1229 2526 1259 2576 et
1275 2517 1343 2576 ‘hic
1393 2553 1397 2560 -

144 2619 209 2678 est'
226 2619 326 2694 inquit
343 2619 442 2695 ‘apud
464 2637 556 2695 quern
578 2617 714 2677 cubitum
737 2617 869 2694 ponetis,
886 2626 916 2676 et
929 2617 1053 2694 quidem
1076 2617 1136 2675 iarn
1158 2617 1342 2693 principium

143 2738 241 2779 cenae
264 2719 396 2778 videtis!
441 2719 555 2777 Etiam
578 2736 640 2777 uon
663 2717 848 2794 loquebatur
872 2718 1036 2777 Menelaus
1057 2736 1127 2777 cum
1149 2717 1339 2777 Trimalchio

142 2819 259 2897 digitos
274 2818 462 2896 concrepuit,
479 2837 590 2895 aquam
617 2817 759 2894 poposcit
774 2818 815 2876 ad
830 2836 949 2889 manus,
966 2818 1080 2895 digitos
1110 2837 1170 2894 que
1185 2818 1342 2894 paululum
1353 2824 1392 2863 20

144 2921 313 2996 adspersos
329 2919 476 2995 incapite
492 2918 578 2995 pueri
593 2918 688 2977 tersit.

73 3012 76 3018 ’
186 3022 329 3097 Longum
351 3028 417 3078 erat
439 3019 561 3095 singula
582 3018 732 3094 excipere.
787 3020 899 3095 Itaque
921 3017 1102 3076 intravimus
1132 3018 1287 3091 balneum,
1311 3028 1342 3078 et

144 3120 257 3179 sudore
272 3119 396 3179 calfacti
410 3126 566 3178 momento
577 3118 725 3194 temporis
737 3117 777 3176 ad
791 3118 937 3195 frigidam
959 3118 1087 3177 eximus.
1133 3121 1200 3177 Iam
1215 3118 1342 3177 Trimal·

143 3220 215 3279 chio
237 3227 394 3296 unguento
419 3219 564 3294 perfusus
587 3217 771 3295 tergebatur,
788 3236 852 3277 non
875 3218 986 3290 linteiS,
1011 3219 1066 3277 sed
1091 3219 1194 3293 palliis
1210 3237 1248 3277 ex
1269 3219 1341 3278 lana

143 3320 325 3380 mollissima
346 3318 447 3378 factis.
491 3319 570 3377 Tres
592 3318 713 3377 interim
737 3318 909 3394 iatraliptae
925 3317 956 3376 in
972 3328 1140 3394 conspectu
1157 3319 1224 3378 eius
1240 3320 1265 3377 F
1266 3319 1341 3379 aler·
1352 3338 1368 3377 a
1373 3337 1389 3397 5

144 3440 218 3479 num
233 3420 391 3497 potabant,
403 3428 514 3478 etcum
530 3418 692 3494 plurimum
709 3418 844 3477 rixantes
859 3417 1061 3490 effunderent,
1079 3419 1267 3478 Trimalchio
1282 3421 1344 3479 hoc

144 3541 234 3581 suum
256 3520 448 3598 propinasse,
465 3519 597 3578 dicebat.
643 3519 728 3577 Hinc
743 3518 901 3578 involutus
916 3518 1043 3578 coccina
1057 3538 1198 3596 gausapa
1212 3519 1341 3581 lecticae

144 3622 308 3698 impositus
324 3629 371 3680 est
385 3620 643 3696 praecedentibus
664 3619 833 3695 phaleratis
848 3620 1025 3679 cursoribus
1040 3630 1186 3697 quattuor
1200 3631 1230 3680 et
1245 3622 1341 3681 chira·

145 3722 256 3795 maxi0,
273 3722 305 3779 in
320 3738 383 3797 quo
398 3720 527 3779 deliciae
550 3720 617 3779 eius
631 3719 832 3791 vehebantur,
849 3738 926 3796 puer
939 3721 1069 3793 vetulus,
1087 3721 1198 3797 lippus,
1215 3722 1342 3782 domiuo

144 3821 374 3880 Trimalchione
396 3820 571 3879 deformior.
617 3821 696 3879 Cum
718 3837 793 3896 ergo
816 3821 994 3893 auferretur,
1011 3821 1050 3879 ad
1066 3830 1160 3897 caput
1181 3822 1248 3881 eius
1262 3838 1391 3901 sym-30

143 3922 318 3999 phoniacus
340 3940 410 3980 cum
426 3919 560 3978 minimis
581 3919 666 3978 tibiis
689 3920 820 3979 accessit
835 3929 866 3979 et
881 3929 1030 3997 tanquam
1046 3921 1077 3978 in
1093 3940 1197 3981 aurem
1220 3922 1337 4000 aliquid

142 4031 263 4082 secreto
277 4020 394 4080 diceret
408 4029 473 4079 toto
489 4020 597 4079 itinere
613 4018 757 4078 cantavit.

186 4121 350 4198 Sequimur
371 4138 428 4179 uos
450 4119 653 4178 admiratione
685 4119 746 4177 iam
775 4118 871 4177 saturi
892 4128 923 4177 et
944 4138 1013 4178 cum
1045 4123 1278 4197 Agamemnone
1302 4125 1341 4183 ad

141 4222 268 4281 ianuam
283 4220 489 4297 pervenimus,
506 4220 537 4277 in
552 4219 641 4278 cuius
656 4227 745 4295 poste
767 4218 889 4304 libellus
905 4228 971 4278 erat
981 4238 1051 4278 cum
1067 4221 1126 4280 hac
1142 4221 1341 4298 inscriptione

141 4322 240 4381 fixus:
285 4320 446 4397 ‘quisquis
468 4338 576 4379 servus
599 4319 665 4379 sine
687 4318 844 4378 dominico
866 4319 952 4378 iussu
967 4320 1052 4379 foras
1067 4321 1183 4394 exierit,
1207 4324 1388 4400 accipiet35

141 4424 252 4500 plagas
281 4421 425 4481 centum!
469 4422 507 4478 In
530 4420 616 4479 aditu
638 4429 739 4479 autem
762 4418 831 4496 ipso
853 4419 955 4478 stabat
983 4421 1128 4480 ostiarius
1153 4424 1339 4499 prasinatus,

141 4523 283 4584 cerasino
299 4522 475 4581 succinctus
491 4520 624 4598 cingulo,
640 4530 733 4597 atque
748 4519 780 4577 in
796 4521 885 4580 lance
897 4530 1043 4598 argentea
1055 4523 1156 4599 pisum
1179 4526 1340 4602 purgabat.

79 4683 82 4688 .
139 4627 242 4701 Super
256 4624 351 4683 limen
366 4631 469 4681 autem
480 4640 574 4681 cavea
586 4620 743 4698 pendebat
758 4639 861 4692 aurea,
879 4621 911 4678 in
926 4641 987 4698 qua
1002 4622 1072 4699 pica
1087 4624 1173 4683 varia
1188 4625 1339 4687 intrantes

138 4723 306 4785 salutabat.
353 4724 497 4782 Ceterum
512 4739 570 4798 ego
585 4721 659 4779 dum
675 4720 778 4779 omnia
795 4730 913 4797 stupeo,
926 4741 1024 4797 paene
1039 4723 1236 4801 resupinatus
1252 4745 1341 4787 crura
