3217 5417
732 563 750 617 3

130 730 231 788 natali
253 748 323 788 meo
338 729 436 788 cliens
451 730 578 805 quidam
594 729 771 800 donaverat,
789 726 883 805 Tyria
898 726 964 785 sine
979 725 1074 785 dubio
1089 725 1144 784 sed
1161 725 1221 783 iam
1236 725 1333 783 semel

79 863 84 874 ·
130 831 206 888 lota.
252 830 337 904 Quid
352 848 427 907 ergo
442 833 512 889 est?
557 831 649 887 Dono
664 829 753 888 vobis
767 828 858 887 eum!

175 931 316 1007 Obligati
330 938 394 989 tam
415 931 526 1008 grandi
536 929 687 989 beneficio
701 947 771 988 cum
787 929 989 986 intrassemus
1010 926 1185 998 triclinium,
1201 924 1334 984 occurrit

131 1031 225 1089 nobis
248 1030 300 1090 ille
322 1030 404 1089 idem
427 1050 543 1103 servus,
560 1049 616 1106 pro
640 1049 701 1106 quo
730 1047 957 1105 rogaveramus,
982 1036 1013 1086 et
1036 1026 1234 1102 stupentibus
1256 1025 1332 1101 spis

131 1130 258 1189 sissima
269 1131 358 1189 basia
370 1130 497 1208 impegit
506 1131 621 1207 gratias
633 1148 728 1207 agens
744 1128 928 1187 humanitati
943 1137 1076 1186 nostrae.
1114 1126 1164 1185 Ad
1180 1144 1332 1185 summam
1364 1137 1380 1197 5

133 1231 260 1288 ‘statim
282 1230 405 1289 scietis'
428 1230 471 1289 ait
494 1230 562 1288 ‘cui
584 1229 733 1288 dederitis
763 1227 958 1287 beneficium.
1003 1227 1120 1285 Vinum
1143 1225 1332 1285 dominicum

132 1329 352 1389 ministratoris
366 1331 466 1407 gratia
482 1331 549 1390 est'

176 1431 317 1490 Tandem
334 1450 415 1508 ergo
437 1430 649 1490 discubuimus
671 1429 774 1505 pueris
799 1427 1017 1487 Alexandrinis
1040 1446 1152 1504 aquam
1167 1427 1198 1484 in
1221 1445 1332 1485 manus

132 1532 270 1590 nivatam
292 1530 529 1590 infundentibus
559 1531 690 1607 aliisque
712 1529 947 1606 insequentibus
963 1529 1003 1587 ad
1018 1528 1115 1604 pedes
1131 1547 1167 1587 ac
1203 1546 1332 1605 parony-

127 1631 201 1690 chia
216 1650 286 1690 cum
301 1631 419 1708 ingenti
434 1631 602 1690 subtilitate
624 1629 812 1689 tollentibus.
858 1632 905 1687 Ac
926 1648 966 1688 ne
988 1629 1019 1686 in
1041 1630 1101 1688 hoc
1124 1627 1250 1705 quidem
1264 1637 1329 1687 tam
1344 1637 1381 1674 10

132 1730 265 1790 molesto
279 1730 426 1790 tacebant
447 1731 557 1803 officio,
581 1730 638 1790 sed
652 1729 752 1788 obiter
773 1728 951 1788 cantabant.
997 1730 1062 1805 Ego
1084 1728 1215 1804 experiri
1237 1728 1329 1800 volui,

130 1849 172 1889 an
193 1840 259 1889 tota
281 1831 400 1889 familia
422 1839 569 1901 cantaret,
607 1831 711 1905 itaque
733 1830 891 1905 potionem
913 1828 1051 1904 poposci.
1110 1829 1330 1908 Paratissimus

132 1950 211 2007 puer
227 1951 288 1990 non
304 1931 407 1989 minus
422 1949 471 1990 me
486 1931 577 1990 acido
595 1930 717 1989 cantico
731 1929 860 2005 excepit,
873 1938 904 1988 et
915 1928 1055 2005 quisquis
1075 1928 1191 2004 aliquid
1206 1938 1332 2006 rogatus

63 2094 65 2099 ,
130 2040 198 2090 erat
227 2042 261 2090 ut
290 2032 378 2091 daret
463 2031 645 2108 pantomimi
667 2030 806 2102 chorum,
832 2048 895 2088 non
906 2029 1003 2104 patris
1015 2028 1150 2088 familiae
1165 2029 1331 2088 triclinium

129 2131 284 2191 crederes.
1343 2149 1378 2209 15

173 2232 279 2290 Allata
295 2242 342 2291 est
357 2241 462 2291 tamen
484 2231 619 2308 gustatio
633 2229 724 2289 valde
740 2230 844 2301 lauta3
868 2248 939 2286 narn
955 2229 1016 2287 iam
1039 2246 1147 2288 omnes
1169 2228 1330 2288 discubue

129 2341 201 2390 rant
217 2341 340 2407 praeter
354 2332 456 2407 ipsum
472 2331 742 2400 Trimalchionem,
766 2329 817 2388 cui
831 2329 917 2390 locus
941 2347 1022 2388 novo
1037 2347 1121 2387 more
1137 2329 1253 2405 primus
1269 2348 1329 2389 ser·

130 2432 272 2491 vabatur.
318 2433 462 2491 Ceterum
478 2432 558 2490 inter
579 2430 817 2506 promulsidaria
839 2431 953 2488 asellus
968 2439 1034 2488 erat
1056 2429 1236 2489 Corinthius
1258 2449 1329 2488 curn

130 2531 269 2591 bisaccio
291 2533 420 2608 positus,
445 2532 498 2608 qui
514 2530 649 2590 habebat
663 2530 761 2589 olivas
777 2530 807 2587 in
832 2529 927 2588 altera
949 2539 1035 2605 parte
1058 2529 1154 2601 albas,
1179 2530 1211 2587 in
1233 2531 1331 2589 altera

131 2633 246 2709 nigras.
270 2632 433 2709 Tegebant
448 2632 576 2691 asellum
591 2632 671 2690 duae
686 2630 800 2702 lances,
818 2630 849 2687 in
866 2625 995 2705 quaru'm
1011 2629 1200 2706 marginibus
1217 2648 1329 2689 nornen
1341 2649 1380 2687 20

130 2733 372 2791 Trimalchionis
401 2732 582 2809 inscriptum
604 2740 670 2790 erat
691 2740 722 2790 et
744 2730 862 2807 argenti
884 2730 1015 2806 pondus.
1061 2730 1215 2789 Ponticuli
1237 2730 1330 2789 etiam

128 2832 326 2892 ferruminati
349 2831 545 2891 sustinebant
565 2831 660 2904 glires
681 2831 771 2889 melle
787 2848 824 2888 ac
839 2848 992 2905 papavere
1014 2848 1149 2906 sparsos
1195 2830 1331 2890 Fuerunt

130 2943 161 2992 et
183 2933 339 2992 tomacula
362 2951 455 3009 super
477 2931 656 2991 craticulam
689 2940 867 3008 argenteam
898 2931 1051 2989 ferventia
1073 2930 1175 3006 posita
1197 2939 1228 2989 et
1249 2930 1331 2989 infra

130 3023 312 3092 craticulam
330 3032 455 3111 Syriaca
470 3051 570 3108 pruna
584 3051 655 3091 cum
670 3031 774 3108 granis
791 3031 900 3089 Punici
915 3030 996 3089 mali.

174 3137 213 3192 ln
229 3134 277 3192 his
290 3152 413 3192 eramus
426 3132 562 3204 lautitiis,
574 3150 645 3190 cum
657 3132 724 3207 ipse
733 3131 923 3190 Trimalchio
935 3130 975 3188 ad
986 3130 1202 3208 symphoniam
1218 3131 1330 3191 allatus
1341 3146 1378 3206 25

130 3243 179 3294 est
193 3234 377 3310 positusque
400 3233 480 3291 inter
501 3231 663 3292 cervicalia
685 3232 891 3290 munitissima
912 3230 1063 3306 expressit
1085 3231 1331 3307 imprudentibus

45 3343 54 3361 ·
129 3335 236 3393 risum.
283 3333 381 3415 Pallio
397 3333 479 3392 enim
495 3332 642 3391 coccineo
657 3332 801 3390 adrasum
817 3331 989 3390 excluserat
1010 3341 1105 3406 caput
1119 3331 1263 3408 circaque
1278 3353 1331 3392 on-

129 3445 235 3494 eratas
257 3443 342 3492 veste
365 3432 500 3491 cervices
524 3431 708 3490 laticlaviam
730 3431 916 3489 immisserat
938 3449 1082 3506 mappam
1106 3431 1236 3491 fimbriis
1258 3434 1331 3492 hinc

130 3545 226 3610 atque
242 3533 326 3592 illinc
348 3533 566 3609 pendentibus.
612 3531 761 3590 Habebat
775 3531 868 3589 etiam
884 3531 916 3588 in
932 3530 1059 3589 minimo
1074 3530 1171 3608 digito
1187 3533 1330 3594 sinistrae

130 3654 244 3694 manus
266 3634 393 3691 anulum
425 3632 573 3709 grandem
606 3631 816 3701 subauratum,
834 3639 971 3689 extremo
992 3648 1066 3689 vero
1089 3633 1219 3692 articulo
1240 3634 1380 3717 digiti30

130 3735 292 3813 sequentis
316 3734 474 3805 minorem,
492 3743 525 3790 ut
541 3732 614 3790 mihi
637 3731 806 3803 videbatur,
829 3739 927 3789 toturn
950 3749 1066 3802 aumm,
1083 3733 1137 3791 sed
1160 3732 1252 3807 plane
1273 3735 1331 3794 fer-

130 3837 194 3895 reis
216 3834 312 3895 veluti
335 3833 431 3892 stellis
454 3831 696 3892 ferruminatum.
742 3833 780 3890 Et
795 3849 834 3890 ne
849 3831 907 3889 has
922 3839 1042 3889 tantum
1064 3833 1242 3892 ostenderet
1256 3835 1333 3895 divi·

130 3936 203 4007 tias,
220 3935 361 3993 dextrum
384 3932 514 3990 nudavit
535 3931 683 3991 lacertum
706 3930 825 3988 armilla
848 3948 941 3989 aurea
963 3930 1079 3988 cultum
1095 3940 1126 3990 et
1141 3932 1255 3992 eboreo
1276 3935 1331 3994 cir-

130 4036 205 4095 culo
227 4034 342 4092 lamina
365 4033 548 4108 splendente
570 4049 696 4090 conexo,
742 4031 786 4089 Ut
801 4029 913 4089 deinde
936 4030 1032 4106 pinna
1054 4041 1199 4107 argentea
1220 4033 1331 4094 dentes

131 4135 279 4212 perfodit,
305 4133 432 4190 ‘amici'
449 4132 549 4208 inquit
565 4131 722 4190 ‘nondum
745 4131 821 4188 mihi
843 4148 937 4189 suave
960 4140 1025 4189 erat
1047 4130 1078 4187 in
1100 4131 1266 4191 triclinium
1282 4155 1331 4196 ve
1339 4157 1377 4217 35

132 4235 209 4307 nire,
228 4234 282 4293 sed
296 4251 333 4292 ne
350 4232 466 4291 diutius
488 4232 668 4290 absentivos
689 4248 794 4289 morae
816 4230 905 4289 vobis
920 4248 1030 4302 essem,
1054 4249 1178 4290 omnem
1194 4235 1331 4311 volupta-

130 4346 195 4395 tem
212 4334 287 4392 mihi
303 4332 422 4410 negavi.
468 4331 655 4391 Permittetis
670 4340 773 4390 tamen
786 4329 866 4388 finiri
878 4330 1000 4389 lusum’
1045 4332 1239 4407 Sequebatur
1254 4355 1330 4411 puer

128 4454 202 4496 cum
224 4433 332 4493 tabula
353 4432 562 4491 terebinthina
583 4440 614 4490 et
635 4430 821 4508 crystallinis
842 4431 977 4502 tesseris,
1002 4432 1168 4508 notavique
1190 4452 1253 4492 rem
1269 4454 1332 4494 orn·

49 4563 52 4566 ·
130 4536 217 4594 nium
254 4531 515 4592 delicatissimam.
574 4532 634 4589 Pro
656 4530 782 4589 calculis
814 4530 895 4589 enim
929 4529 1007 4589 albis
1029 4548 1066 4590 ac
1088 4531 1184 4608 nigris
1220 4553 1331 4595 aureos

130 4644 360 4714 argenteosque
376 4632 513 4692 habebat
527 4630 679 4690 denarios.
726 4630 853 4689 Interim
869 4631 942 4689 dum
959 4631 1010 4690 ille
1026 4631 1162 4690 omnium
1177 4642 1330 4695 textorum
1340 4657 1380 4708 40

127 4738 213 4797 dicta
236 4737 316 4795 inter
337 4736 438 4793 lusum
461 4732 622 4803 consumit,
646 4730 841 4807 gustantibus
873 4731 975 4790 adhuc
998 4732 1087 4791 nobis
1110 4736 1330 4809 repositorium
