3217 5417
855 491 890 563 16

464 676 539 751 Avis
555 694 623 751 exul
641 678 758 761 hiemis,
775 692 882 770 titulus
897 679 992 767 tepidi
1008 690 1164 766 tempotis',
1218 750 1220 754 ,

464 795 492 850 N
496 794 630 868 equitiae
646 794 753 851 nidum
769 793 800 850 in
816 793 950 852 caccabo
966 792 1040 849 tecit
1057 792 1156 849 inodo.

463 894 534 965 Quo
550 893 714 968 margarita
730 873 801 950 caia
817 894 881 962 tibi,
898 893 1006 950 bacam
1024 891 1186 949 Indicam?

462 992 665 1068 Zmaragdum
682 993 720 1050 ad
738 1012 829 1069 qparn
847 1012 909 1050 rem
922 992 1058 1062 viridem,
1076 991 1245 1066 pretiosum
1263 990 1396 1048 vitrum?

464 1093 535 1165 Quo
552 1093 783 1151 Carchedonios
799 1103 888 1167 optas
905 1092 990 1167 ignes
1007 1092 1170 1166 lapideos?

464 1193 532 1250 Nisi
548 1202 581 1249 ut
597 1193 741 1250 scintillet
757 1192 896 1267 probitas
913 1212 928 1249 e
945 1192 1171 1249 carbunculis.'’

297 1291 389 1362 Quod
406 1302 508 1349 autem
520 1293 526 1317 '
539 1292 638 1367 inquit
656 1292 1002 1367 ‘putamussecundum
1026 1292 1130 1349 literas
1153 1291 1364 1348 difficillimum
1381 1310 1451 1348 esse

256 1391 441 1449 artificium?
486 1395 551 1467 Ego
566 1402 641 1467 puto
658 1393 808 1450 medicum
826 1403 855 1450 et
872 1391 1123 1449 nummularium:
1170 1391 1316 1461 medicuS,
1329 1392 1381 1465 qui
1394 1392 1452 1448 scit

255 1491 331 1565 quid
361 1492 584 1549 homunciones
610 1492 688 1550 intra
712 1492 892 1567 praecordia
915 1511 970 1549 sua
993 1492 1127 1549 habeant
1150 1502 1180 1549 et
1203 1491 1329 1566 quando
1352 1492 1450 1549 febris

208 1623 244 1661 10
254 1590 365 1661 veniat,
383 1591 474 1649 etiam
490 1592 516 1649 si
533 1592 601 1649 illos
618 1592 668 1650 odi
684 1593 826 1667 pessime,
844 1592 926 1666 quod
950 1593 1023 1649 mihi
1047 1593 1152 1649 iubent
1175 1610 1267 1666 saepe
1291 1592 1464 1652 anatinam·

254 1691 372 1764 parari;
397 1692 631 1763 nummularius,
659 1693 711 1768 qui
734 1711 788 1767 per
811 1702 970 1768 argentum
1007 1711 1059 1750 aes
1082 1692 1173 1749 videt.
1234 1694 1314 1749 Nam
1346 1702 1449 1749 mutae

254 1774 371 1849 bestiae
395 1791 654 1850 laboriosissimae
677 1794 771 1850 boves
788 1803 818 1850 et
833 1812 926 1850 oves:
950 1793 1054 1863 boveS,
1072 1811 1201 1867 quorum
1224 1791 1380 1849 beneficio
1399 1811 1451 1866 pa-

253 1910 323 1948 nem
339 1891 580 1964 manducamus3
604 1912 685 1963 oves
703 1893 785 1967 quod
803 1894 874 1950 lana
897 1892 966 1950 illae
983 1911 1039 1950 nos
1062 1891 1212 1967 gloriosos
1236 1892 1363 1949 faciunt.
1411 1895 1449 1949 Et

252 1991 373 2049 lacinus
396 1992 563 2069 indignum,
588 1992 699 2069 aliquis
721 1992 843 2050 ovillam
860 2004 907 2050 est
922 2004 952 2050 et
967 1993 1101 2050 tunicam
1117 1992 1218 2049 habet.
1266 1995 1350 2066 Apes
1367 1993 1447 2050 enim

205 2120 239 2179 15
253 2110 310 2167 ego
326 2091 447 2150 divinas
472 2093 588 2151 bestias
604 2102 686 2167 puto,
704 2111 783 2167 quae
800 2094 859 2150 mel
876 2102 1010 2178 vomupt.
1029 2093 1120 2150 etiam
1138 2093 1162 2149 si
1180 2092 1324 2149 dicuntur
1340 2092 1415 2149 illud
1432 2112 1449 2149 a

254 2194 327 2249 Iove
344 2192 471 2265 afferre;
496 2193 566 2250 ideo
582 2204 682 2250 autem
700 2205 847 2268 pungunt,
866 2193 937 2267 quia
961 2193 1136 2268 ubicunque
1159 2193 1249 2250 dulce
1273 2204 1328 2261 est,
1354 2194 1395 2249 ibi
1418 2203 1449 2251 ct

253 2292 374 2350 acidum
391 2293 550 2351 invenies)

295 2395 360 2450 Iam
398 2393 490 2450 etiam
527 2393 729 2467 philosophos
753 2393 790 2450 de
816 2393 939 2468 negotio
977 2392 1138 2463 deiciebat,
1163 2411 1232 2449 cum
1270 2392 1396 2466 pittacia
1418 2392 1449 2448 in

252 2493 369 2569 scypho
392 2493 580 2551 circumferri
614 2503 789 2567 coeperunt,
815 2512 952 2568 puerque
975 2512 1067 2567 super
1089 2494 1148 2549 hoc
1171 2494 1290 2567 positus
1313 2493 1446 2549 officium

202 2593 441 2667 20apophoreta
472 2593 619 2650 recitavit.
681 2594 741 2650 Diu
764 2593 907 2651 risimus:
933 2603 1077 2651 sexcenta
1100 2592 1276 2650 huiusmodi
1313 2593 1446 2660 fuerunt,

251 2710 330 2766 quae
347 2692 407 2748 iam
423 2693 601 2750 exciderunt
617 2693 781 2750 memoriae
798 2711 893 2750 meae.

291 2962 328 3018 V.
374 2961 517 3018 Ceterum
535 2960 687 3036 Ascyltos,
702 2960 934 3034 intemperantis
947 2960 1098 3030 licentiae,
1112 2979 1179 3016 cum
1198 2960 1300 3016 onmia
1317 2961 1448 3017 sublatis

251 3061 393 3119 manibus
416 3061 555 3118 eluderet
570 3070 600 3118 et
615 3079 713 3134 usque
730 3061 768 3117 ad
794 3061 935 3117 lacrimas
959 3060 1079 3128 rideret,
1104 3079 1184 3116 unus
1207 3079 1244 3117 ex
1267 3060 1446 3118 conlibertis

249 3161 488 3219 Trimalchionis
505 3161 678 3231 excanduit,
697 3160 721 3218 is
738 3161 804 3235 ipse
820 3161 872 3235 qui
890 3179 981 3234 supra
1004 3179 1050 3217 me
1067 3160 1289 3231 discumbebat,
1308 3171 1338 3218 ct
1356 3161 1446 3235 ‘quid

199 3262 347 3343 25ridcs’
370 3262 469 3337 inquit
493 3263 640 3319 ‘vervex?
684 3263 733 3317 An
749 3260 804 3318 tibi
828 3279 889 3317 non
912 3260 1036 3335 placent
1059 3260 1194 3317 lautitiae
1217 3260 1335 3317 domini
1359 3262 1440 3319 mei?

249 3364 297 3420 Tu
314 3362 394 3420 enim
410 3362 577 3419 beatiores
593 3370 622 3418 et
638 3360 801 3418 convivare
818 3361 926 3418 melius
942 3361 1032 3417 soles.
1059 3362 1106 3417 Ita
1121 3361 1148 3415 T
1151 3360 1262 3417 utelam
1280 3361 1371 3418 huius
1389 3361 1448 3418 loci

248 3463 380 3520 habeam
407 3460 580 3536 propitiam,
599 3470 631 3517 ut
647 3479 705 3536 ego
721 3461 746 3517 si
763 3461 933 3518 secundum
958 3460 1041 3516 illum
1072 3459 1307 3531 discumberent,
1325 3461 1386 3517 iam
1404 3461 1447 3517 illi

247 3564 384 3621 balatum
415 3561 580 3618 duxissem.
641 3560 757 3617 Bellum
796 3579 930 3634 pomum,
956 3560 1007 3633 qui
1031 3560 1167 3617 rideatur
1196 3560 1293 3630 alios;
1319 3561 1448 3637 larifuga

248 3662 352 3720 nescio
369 3661 448 3736 quis,
467 3671 645 3718 nocturnus.
692 3662 762 3717 Non
788 3661 978 3718 mehercules
1002 3660 1087 3717 soleo
1110 3660 1170 3717 cito
1192 3661 1320 3730 fervere,
1346 3662 1448 3719 sedin

196 3784 236 3839 30
249 3762 339 3819 molle
355 3781 448 3819 carne
471 3779 590 3818 vermes
614 3770 790 3817 nascuntur.
838 3761 938 3818 Ridet.
984 3760 1069 3832 Quid
1099 3761 1201 3830 habet,
1219 3762 1303 3835 quod
1326 3761 1449 3819 rideat?

248 3863 397 3937 numquid
415 3871 502 3936 pater
516 3862 611 3918 fetum
629 3860 702 3917 emit
719 3861 841 3918 lamna?
873 3863 975 3935 Eques
993 3862 1153 3917 Romanus
1169 3880 1222 3918 es:
1246 3873 1276 3918 et
1292 3880 1350 3937 ego
1369 3862 1450 3936 regis

248 3964 338 4020 lilius.
385 3962 519 4034 “Quare
542 3979 614 4035 ergo
638 3960 789 4017 servivisti
800 3963 811 4017 ?
822 3961 838 3985 ’'
882 3961 964 4033 Quia
981 3961 1046 4035 ipse
1063 3980 1111 4019 me
1127 3961 1198 4019 dedi
1215 3962 1245 4018 in
1263 3963 1441 4019 servitutem

177 4107 181 4115 .
248 4073 277 4121 et
292 4063 385 4119 malui
410 4061 486 4119 civis
504 4063 662 4117 Romanus
679 4079 747 4117 esse
763 4078 855 4134 quam
878 4060 1064 4118 tributarius.
1112 4063 1149 4118 Et
1172 4080 1254 4118 nunc
1278 4080 1369 4136 spero
1393 4082 1441 4120 me

247 4164 291 4221 sic
309 4163 420 4233 vivere,
438 4171 470 4219 ut
486 4157 600 4219 nemini
624 4160 709 4217 iocus
732 4160 798 4217 sim.
846 4161 949 4217 Homo
973 4160 1051 4218 inter
1073 4162 1214 4219 homines
1239 4181 1316 4233 sum,
1341 4163 1443 4236 capite

195 4273 355 4338 35aperto
379 4262 520 4319 ambulo:
546 4280 646 4318 assem
670 4260 819 4318 aerarium
844 4261 959 4318 nemini
983 4261 1101 4332 debeo;
1125 4263 1328 4319 constitutum
1352 4264 1447 4320 habui

246 4382 421 4439 nunquam3
447 4380 537 4419 nemo
554 4361 626 4417 mihi
643 4361 672 4417 in
689 4361 756 4418 toro
773 4360 849 4417 dixit
866 4361 995 4424 “redde.
1015 4362 1098 4436 quod
1122 4362 1248 4420 debes”
1293 4363 1444 4421 Glebulas

247 4464 315 4535 emi,
334 4463 505 4520 lamelullas
521 4461 644 4535 paravi3
668 4460 776 4536 viginti
792 4471 915 4519 ventres
932 4480 1027 4535 pasco
1043 4473 1073 4520 et
1089 4481 1198 4519 canem
1213 4487 1219 4533 ς
1243 4464 1447 4520 contuberna-

245 4564 305 4622 lem
323 4582 421 4621 meam
439 4562 563 4632 redemi,
578 4561 658 4619 mille
675 4561 820 4619 denarios
835 4581 890 4635 pro
905 4562 1006 4636 capite
1023 4563 1116 4632 solvi3
1141 4563 1221 4620 sevir
1233 4564 1329 4639 gratis
1345 4564 1447 4621 factus

183 4741 184 4746 ἵ
246 4683 330 4736 sum,
354 4682 453 4737 spero,
471 4662 514 4719 sic
531 4662 650 4732 moriar,
668 4672 701 4718 ut
718 4671 856 4719 mortuus
879 4681 940 4720 non
957 4664 1149 4721 erubescam.
1195 4666 1243 4722 Tu
1260 4675 1360 4722 autem
1384 4675 1446 4722 tam
