3217 5417
848 536 884 574 22

263 696 424 755 maiestate
439 696 622 754 conterritus
644 704 817 771 praetorem
839 696 986 771 putabam
1002 695 1133 753 venisse.
1179 697 1288 770 Itaque
1310 692 1464 769 temptavi

263 815 424 872 assurgere
440 806 470 854 et
486 796 586 854 nudos
602 795 698 871 pedes
714 796 745 852 in
760 805 873 854 terram
900 795 1029 853 deferre.
1084 794 1167 852 Risit
1182 795 1262 852 hanc
1284 793 1465 869 trepidatio

193 961 196 968 ,
263 915 333 956 nem
350 898 566 972 Agamemnon
577 906 608 954 et
625 897 757 954 ‘contine
773 897 813 955 te'
831 896 930 971 inquit
946 896 1054 953 ‘homo
1070 894 1260 953 stultissime.
1294 894 1465 952 Habinnas

263 997 344 1056 sevir
359 1006 407 1055 est
418 996 562 1072 idemque
579 996 755 1072 lapidarius,
773 996 826 1073 qui
842 996 964 1054 videtur
978 1005 1176 1054 monumenta
1199 995 1314 1070 optime
1334 994 1462 1053 facere!

213 1122 228 1182 5
306 1098 476 1155 Recreatus
492 1097 551 1155 hoc
574 1115 715 1154 sermone
732 1096 855 1171 reposui
870 1096 1017 1167 cubitum,
1036 1095 1280 1169 Habinnamque
1296 1093 1462 1152 intrantem

263 1216 332 1256 cum
348 1196 551 1255 admiratione
574 1196 692 1272 ingenti
714 1197 902 1272 spectabam.
950 1194 1005 1254 Ille
1021 1205 1124 1254 antem
1147 1195 1207 1253 iam
1230 1195 1333 1254 ebrius
1357 1194 1464 1252 uxoris

264 1316 338 1357 suae
361 1297 474 1355 umeris
497 1297 687 1372 imposuerat
717 1316 836 1368 manus,
854 1307 1061 1370 oneratusque
1084 1294 1202 1371 aliquot
1224 1294 1345 1353 coronis
1361 1304 1391 1353 et
1408 1314 1464 1352 un-

262 1406 378 1474 guento
394 1417 449 1473 per
464 1399 597 1456 frontem
614 1397 645 1454 in
660 1397 767 1456 oculos
782 1397 896 1456 fluente
923 1397 1075 1471 praetorio
1092 1396 1160 1455 loco
1176 1415 1210 1455 se
1226 1396 1328 1471 posuit
1342 1396 1464 1454 contin-

264 1516 366 1575 uoque
380 1497 485 1555 vinum
497 1508 528 1557 et
542 1498 662 1556 caldam
679 1497 829 1574 poposcit.
876 1496 1055 1555 Delectatus
1071 1498 1129 1555 hac
1152 1496 1339 1554 Trimalchio
1361 1495 1465 1554 hilari-

216 1607 326 1659 1otate
356 1608 387 1657 et
415 1598 481 1673 ipse
504 1598 697 1673 capaciorem
719 1597 862 1673 poposcit
884 1598 1034 1675 scyphum
1057 1597 1280 1674 quaesivitque,
1305 1596 1464 1672 quomodo

264 1708 411 1774 acceptus
433 1709 525 1757 esset.
572 1698 706 1757 ‘Omnia
720 1700 726 1724 '
742 1698 841 1774 inquit
865 1697 1045 1756 ‘habuimus
1068 1707 1189 1773 praeter
1204 1708 1251 1769 te,
1275 1698 1357 1755 oculi
1379 1697 1464 1755 enim

264 1799 324 1859 mei
339 1800 390 1858 hic
401 1809 497 1859 erant.
542 1802 582 1860 Et
597 1800 788 1858 mehercules
810 1799 889 1858 bene
911 1799 979 1857 fuit.
1025 1799 1128 1857 Scissa
1145 1798 1260 1856 lautum
1277 1797 1463 1856 novendiale

264 1918 354 1960 servo
369 1918 425 1959 suo
441 1900 560 1959 misello
581 1900 724 1971 faciebat,
740 1930 742 1933 >
756 1918 848 1974 quern
864 1908 1017 1958 mortuum
1033 1918 1127 1956 manu
1142 1898 1276 1957 miserat.
1322 1900 1360 1957 Et
1375 1908 1461 1973 puto,

264 2020 333 2060 curn
355 2000 578 2059 vicensimariis
614 2018 758 2076 magnam
794 2000 976 2058 mantissam
998 1999 1110 2072 habet;
1134 1999 1356 2076 quinquaginta
1378 1998 1462 2072 enim

216 2101 399 2179 15millibus
429 2101 594 2160 aestimant
630 2108 794 2159 mortuum.
861 2101 922 2159 Sed
945 2110 1049 2159 tamen
1079 2100 1215 2158 suaviter
1235 2100 1302 2171 fuit,
1319 2099 1410 2157 etiam
1434 2099 1463 2156 si

264 2201 364 2260 coacti
379 2220 486 2260 sumus
500 2200 645 2259 dimidias
657 2200 798 2277 potiones
815 2219 908 2276 super
923 2202 1068 2260 ossucula
1083 2200 1149 2259 eius
1165 2199 1343 2259 effundere)
1388 2201 1463 2256 ‘Ta-

265 2303 345 2361 men'
362 2301 461 2378 inquit
476 2300 665 2359 Trimalchio
683 2301 768 2377 ‘quid
782 2301 936 2360 habuistis
951 2301 983 2358 in
998 2303 1097 2360 cena?
1110 2302 1117 2327 ’
1163 2301 1292 2359 ‘Dicam’
1310 2299 1409 2376 inquit
1425 2300 1464 2358 ‘si

265 2411 412 2479 potuero;
436 2420 507 2460 nam
522 2412 585 2460 tarn
600 2403 702 2461 bonae
718 2401 883 2460 memoriae
899 2420 975 2473 sum,
994 2410 1027 2459 ut
1041 2401 1221 2476 frequenter
1232 2419 1345 2459 nomen
1357 2419 1459 2458 meum

265 2502 438 2562 obliviscar.
485 2501 661 2562 Habuimus
676 2511 781 2561 tamen
797 2503 828 2559 in
844 2502 943 2578 primo
958 2520 1086 2577 porcum
1109 2500 1221 2577 poculo
1236 2511 1415 2559 coronatum
1430 2510 1464 2558 et

216 2604 348 2663 aocirca
370 2603 586 2663 saviunculum
602 2613 632 2662 et
646 2603 761 2680 gizeria
784 2603 899 2678 optime
921 2603 1004 2660 iacta
1027 2611 1057 2661 et
1079 2611 1161 2661 certe
1183 2602 1286 2660 betam
1303 2610 1333 2659 et
1349 2619 1462 2677 panem

266 2714 449 2781 autopyrum
471 2703 510 2762 de
534 2722 590 2762 suo
613 2704 680 2776 sibi,
706 2722 796 2778 quem
820 2722 877 2780 ego
900 2703 982 2761 malo
1005 2722 1097 2779 quarn
1120 2702 1304 2773 candidum;
1328 2711 1359 2761 et
1380 2702 1463 2759 vires

265 2806 350 2863 facit.
395 2806 536 2880 Sequens
559 2804 709 2862 ferculum
731 2804 790 2862 luit
812 2803 949 2862 scriblita
970 2803 1085 2880 frigida
1099 2813 1129 2861 et
1145 2822 1237 2878 super
1260 2804 1320 2861 mel
1335 2802 1459 2860 caldum

261 2904 402 2979 ¹infusum
417 2906 586 2964 excellente
604 2905 789 2980 Hispanum.
835 2907 946 2980 Itaque
962 2904 1000 2963 de
1017 2903 1153 2962 scriblita
1170 2903 1292 2979 quidem
1310 2922 1373 2962 non
1389 2903 1465 2960 min-

266 3005 360 3063 imum
376 3005 437 3077 edi,
455 3005 494 3064 de
510 3005 600 3064 melle
617 3024 665 3064 me
681 3024 779 3081 usque
794 3004 890 3081 tetigi.
936 3005 1027 3064 Circa
1041 3005 1123 3063 cicer
1138 3013 1168 3063 et
1180 3004 1329 3079 lupinum,
1357 3004 1465 3062 calvae

217 3116 252 3175 25
266 3106 414 3164 arbitratu
429 3114 460 3164 et
475 3105 556 3163 mala
577 3104 706 3181 singula.
752 3107 818 3182 Ego
832 3115 936 3164 tamen
959 3105 1021 3164 duo
1044 3105 1154 3163 sustuli
1169 3114 1200 3163 et
1215 3123 1287 3163 ecce
1304 3105 1334 3161 in
1351 3123 1467 3179 mappa

266 3206 392 3282 alligata
413 3205 530 3277 habe03
554 3224 625 3262 nam
651 3206 677 3263 si
700 3205 816 3280 aliquid
844 3205 978 3263 muneris
1000 3223 1069 3263 meo
1092 3203 1237 3263 vernulae
1265 3223 1326 3262 non
1355 3205 1463 3276 tulero,

266 3306 389 3363 habebo
418 3304 600 3363 convicium.
646 3306 729 3363 Bene
745 3324 793 3363 me
810 3304 956 3363 admonet
971 3304 1098 3363 domina
1122 3324 1198 3363 mea.
1244 3308 1281 3363 In
1297 3316 1465 3381 prospectu

266 3404 430 3463 habuimus
447 3405 569 3463 ursinae
584 3405 726 3475 frustum,
740 3404 778 3463 de
791 3424 933 3481 quocum
950 3406 1129 3481 imprudens
1145 3405 1285 3464 Scintilla
1299 3415 1466 3482 gustasset,

267 3524 367 3581 paene
390 3505 536 3563 intestina
551 3523 607 3563 sua
628 3503 753 3562 vomuit.
799 3506 865 3581 Ego
887 3514 994 3563 contra
1017 3505 1085 3580 plus
1109 3493 1218 3563 libram
1240 3506 1369 3576 comedi,
1394 3524 1465 3563 nam

217 3617 257 3672 30
268 3607 368 3683 ipsum
385 3624 490 3680 aprum
508 3605 659 3682 sapiebat.
705 3607 744 3662 Et
758 3605 792 3676 si,
811 3605 945 3680 inquam,
963 3624 1054 3663 ursus
1076 3605 1314 3664 homuncionem
1338 3617 1465 3678 comest,

268 3716 386 3783 quanto
402 3705 499 3783 magis
514 3705 680 3764 homuncio
697 3705 790 3764 debet
804 3724 909 3763 ursum
925 3709 1088 3765 comesse?
1112 3710 1148 3764 In
1165 3726 1284 3764 summo
1300 3707 1467 3765 habuimus

268 3826 392 3867 caseum
416 3807 539 3865 mollem
555 3826 592 3865 ex
608 3826 683 3881 sapa
699 3818 730 3865 et
745 3806 866 3864 cocleas
889 3806 1026 3883 singulas
1042 3816 1072 3865 et
1087 3808 1200 3865 cordae
1214 3808 1314 3865 frusta
1329 3818 1361 3866 et
1375 3808 1468 3885 hepa-

267 3909 311 3967 tia
326 3908 358 3965 in
381 3906 494 3966 catillis
510 3918 540 3966 et
556 3926 614 3965 ova
636 3905 762 3982 pilleata
784 3917 815 3965 et
830 3925 937 3981 rapam
953 3916 984 3965 et
1000 3926 1116 3982 senape
1139 3918 1169 3966 et
1184 3907 1320 3966 catillum
1343 3909 1468 3968 conchi-

268 4009 390 4079 clatum,
408 4026 476 4082 pax,
493 4007 683 4065 Palamedes
729 4006 828 4064 Etiam
846 4006 876 4063 in
889 4006 978 4065 alveo
994 4008 1173 4066 circumlata
1186 4017 1258 4067 sunt
1273 4010 1467 4086 oxycomina‚

216 4114 254 4174 35
268 4109 350 4168 unde
366 4107 492 4184 quidam
514 4108 606 4165 etiam
629 4107 767 4182 improbe
789 4117 894 4165 ternos
918 4126 1039 4183 pugnos
1062 4110 1259 4167 sustulerunt.
1305 4111 1386 4166 Nam
1403 4129 1469 4186 per-

267 4229 326 4269 nae
356 4206 536 4266 missionem
565 4207 717 4265 dedimus.
778 4207 840 4266 Sed
864 4227 953 4265 narra
976 4208 1060 4280 mihi,
1085 4209 1152 4280 Gai,
1177 4228 1263 4285 rogo,
1295 4211 1468 4268 Fortunata

268 4328 363 4386 quare
379 4328 441 4367 non
456 4307 625 4366 recumbit?
639 4308 645 4333 ’
681 4307 864 4380 ‘Quomodo
887 4307 986 4366 nosti’
1002 4308 1103 4385 inquit
1120 4309 1222 4365 ‘illam
1236 4310 1242 4335 ’
1259 4310 1447 4369 Trimalchio
1461 4334 1468 4381 3

269 4409 347 4468 ‘nisi
363 4416 524 4484 argentum
540 4407 755 4482 composuerit,
773 4407 833 4465 nisi
848 4407 995 4483 reliquias
1017 4409 1119 4485 pueris
1142 4409 1289 4480 diviserit,
1308 4429 1420 4485 aquam
1435 4410 1468 4467 in

268 4530 303 4570 os
318 4528 408 4569 suum
424 4527 487 4566 non
502 4507 653 4566 coniciet.'
678 4507 809 4582 ‘Atqui’
825 4508 985 4583 respondit
1003 4509 1168 4567 Habinnas
1186 4510 1261 4568 ‘nisi
1274 4509 1325 4567 illa
1337 4510 1470 4569 discum-

218 4616 257 4668 40
268 4612 322 4683 bit,
340 4628 398 4686 ego
415 4628 463 4667 me
479 4608 627 4683 apoculo’
644 4618 674 4666 et
690 4618 835 4683 coeperat
857 4627 991 4685 surgere,
1010 4609 1068 4667 nisi
1091 4610 1180 4686 signo
1203 4611 1275 4668 dato
1300 4612 1471 4669 Fortunata

269 4720 377 4789 quater
392 4708 523 4788 amplius
539 4728 557 4770 a
571 4717 635 4771 tota
653 4707 770 4772 familia
793 4716 876 4774 esset
891 4718 1011 4777 vocata.
1056 4710 1151 4777 Venit
1174 4730 1247 4796 ergo
1263 4710 1388 4794 galbino
1404 4730 1473 4774 suc·
