3217 5417
684 538 720 617 25

115 725 119 730 ⁴
169 728 236 793 Iam
266 739 411 809 coeperat
434 729 603 790 Fortunata
625 728 703 788 velle
733 729 854 799 saltare,
879 725 939 783 iam
964 721 1103 783 Scintilla
1131 702 1326 798 frequentius

124 835 295 912 plaudebat
310 853 403 909 quam
418 832 610 908 loquebatur,
628 848 697 889 cum
713 827 901 886 Trimalchio
918 825 1095 901 ‘permitto’
1112 823 1210 899 inquit
1227 824 1326 881 ‘Phil-

125 955 237 1013 argyre
252 943 284 993 et
299 934 400 1006 Cario,
418 932 475 991 etsi
490 931 688 1008 prasinianus
704 948 738 988 es
753 930 900 999 famosus
918 926 968 985 dic
984 937 1015 985 et
1031 920 1239 1001 Menophilae,
1256 944 1327 984 con·

125 1035 281 1095 tubernali
304 1045 383 1106 tuae,
408 1032 603 1092 discumbat’
648 1030 733 1103 Quid
756 1030 874 1087 multa?
918 1030 1021 1085 Paene
1044 1027 1083 1084 de
1105 1024 1192 1084 lectis
1214 1025 1326 1084 deiecti

126 1155 244 1208 sumus,
262 1136 341 1194 adeo
356 1144 455 1193 toturn
470 1132 636 1191 triclinium
652 1129 768 1188 familia
785 1138 997 1205 occupaverat.
1043 1129 1134 1186 Certe
1150 1146 1208 1203 ego
1223 1127 1327 1185 notavi
1359 1144 1374 1204 5

127 1257 222 1313 super
236 1256 285 1295 me
302 1236 437 1313 positum
460 1253 577 1305 cocum,
602 1232 654 1308 qui
669 1232 709 1290 de
725 1250 819 1308 porco
842 1247 982 1288 anserem
1004 1229 1129 1299 fecerat,
1146 1228 1244 1286 muria
1258 1246 1328 1285 con·

127 1336 337 1411 dimentisque
360 1337 517 1393 fetentem.
564 1335 630 1391 Nec
646 1340 810 1390 contentus
831 1329 890 1387 fuit
905 1329 1090 1399 recumbere,
1108 1328 1164 1386 sed
1180 1327 1327 1386 continuo

129 1439 288 1513 Ephesum
310 1435 491 1512 tragoedum
514 1433 616 1508 coepit
632 1432 744 1491 imitari
759 1441 789 1490 et
806 1430 936 1489 subinde
958 1430 1117 1488 dominum
1133 1448 1222 1487 suum
1238 1448 1328 1504 spon-

129 1540 217 1597 sione
234 1555 403 1613 provocare
421 1536 467 1593 ‘si
482 1535 626 1611 prasinus
642 1533 790 1609 proximis
813 1531 1004 1590 circensibus
1027 1530 1155 1606 primam
1172 1530 1327 1605 palmam'

174 1636 316 1694 Diffusus
327 1637 386 1693 hac
398 1634 595 1694 contentione
612 1632 801 1690 Trimalchio
819 1631 925 1689 ‘amici
938 1631 944 1656 ’
962 1631 1061 1706 inquit
1078 1636 1123 1688 ‘et
1138 1630 1218 1689 servi
1234 1630 1329 1688 homi·
1343 1647 1379 1685 ro

130 1757 186 1796 nes
203 1746 322 1796 suntet
338 1754 436 1811 aeque
458 1754 552 1793 unum
576 1735 686 1791 lactem
701 1733 858 1803 biberunt,
875 1731 967 1790 etiam
984 1732 1009 1789 si
1032 1731 1101 1789 illos
1124 1732 1223 1788 malus
1245 1732 1329 1789 latus

127 1838 294 1913 oppressit.
349 1838 468 1895 Tamen
499 1855 547 1894 me
578 1835 664 1893 salvo
686 1833 748 1893 cito
770 1852 884 1908 aquam
907 1833 1034 1891 liberam
1056 1833 1234 1909 gustabunt.
1280 1834 1329 1891 Ad

128 1957 290 2009 summam,
315 1955 423 1995 omnes
445 1936 515 1994 illos
542 1936 572 1993 in
594 1944 782 1994 testamento
804 1952 873 1992 meo
897 1933 1089 1991 manumitto.
1149 1934 1330 2011 Philargyro

127 2038 221 2096 etiam
235 2037 368 2095 fundum
385 2038 453 2112 lego
469 2044 499 2094 et
515 2036 767 2093 contubernalem
785 2053 881 2105 suam,
901 2033 1026 2092 Carioni
1049 2052 1173 2110 quoque
1196 2034 1329 2092 insulam

128 2148 160 2196 et
175 2138 354 2196 vicesimam
370 2146 401 2195 et
415 2135 529 2194 lectum
552 2143 690 2194 stratum.
736 2137 816 2192 Nam
841 2136 1039 2192 Fortunatam
1063 2153 1162 2193 meam
1185 2133 1377 2204 heredem15

127 2238 220 2309 iaci0‚
239 2247 270 2296 et
285 2236 468 2295 commendo
484 2236 566 2293 illam
583 2235 727 2293 omnibus
743 2234 850 2292 amicis
866 2233 951 2293 meis
997 2236 1035 2292 Et
1051 2235 1126 2293 haec
1142 2234 1212 2293 ideo
1227 2235 1331 2293 omnia

129 2338 265 2414 publico,
291 2347 324 2396 ut
338 2336 454 2395 familia
478 2355 546 2394 mea
563 2337 622 2393 iam
646 2354 728 2393 nunc
744 2335 788 2393 sic
812 2354 859 2393 me
882 2344 964 2393 amet
986 2344 1132 2410 tanquam
1156 2337 1329 2394 mortuum)

77 2469 79 2473 v
129 2439 256 2498 Gratias
272 2457 363 2514 agere
379 2456 488 2496 omnes
504 2436 714 2513 indulgentiae
736 2445 904 2510 coeperant
925 2435 1051 2507 domini,
1065 2455 1133 2494 cum
1151 2435 1200 2495 ille
1216 2437 1330 2495 oblitus

130 2558 284 2617 nugarum
301 2537 457 2614 exemplar
478 2537 655 2596 testamenti
678 2537 767 2594 iussit
782 2536 886 2595 afferri
901 2546 932 2594 et
947 2546 1045 2595 totum
1061 2535 1079 2594 a
1095 2537 1193 2613 primo
1210 2538 1248 2595 ad
1265 2538 1330 2595 ulti-

131 2658 216 2697 mum
233 2639 464 2715 ingemescente
479 2637 596 2695 familia
612 2636 760 2695 recitavit.
807 2635 990 2712 Respiciens
1013 2635 1125 2695 deinde
1150 2637 1329 2696 Habinnam
1342 2660 1381 2699 20

132 2740 225 2815 ‘quid
239 2739 336 2797 dicis’
353 2738 453 2813 inquit
470 2738 583 2796 ‘amice
599 2737 779 2795 carissime?
803 2736 958 2795 Aedificas
972 2748 1204 2796 monumentum
1220 2758 1329 2811 meum,

131 2838 395 2915 quemadmodum
411 2848 441 2896 te
457 2838 553 2896 iussi?
596 2838 695 2896 Valde
711 2847 741 2896 te
758 2857 841 2914 rog0,
859 2846 892 2895 ut
907 2838 1077 2896 secundum
1100 2839 1196 2913 pedes
1212 2849 1331 2899 statuae

131 2959 219 2998 meae
236 2940 379 2998 catellam
396 2958 494 3015 ponas
511 2947 541 2996 et
557 2957 688 2996 coronas
704 2948 734 2995 et
750 2948 908 3014 unguenta
924 2948 954 2996 et
970 2938 1112 2997 Petraitis
1135 2958 1243 2998 omnes
1257 2960 1331 3017 pug-

132 3059 198 3112 nas,
217 3050 251 3098 ut
267 3039 342 3096 mihi
367 3038 528 3114 contingat
543 3047 596 3095 tuo
612 3037 765 3096 beneficio
781 3046 852 3112 post
874 3048 1002 3096 mortem
1025 3039 1148 3111 vivere,
1171 3023 1331 3115 praeterea

132 3150 166 3199 ut
182 3141 245 3199 sint
261 3141 292 3197 in
307 3140 409 3198 fronte
435 3140 531 3214 pedes
553 3148 685 3208 centum,
704 3138 734 3194 in
752 3157 859 3214 agrum
876 3138 972 3213 pedes
987 3139 1120 3198 ducenti.
1167 3140 1267 3198 Omne
1283 3160 1332 3217 ge·
1343 3161 1357 3197 2
1363 3159 1378 3217 5

132 3259 192 3298 nus
208 3239 290 3298 enirn
313 3257 405 3314 poma
427 3239 498 3297 volo
521 3238 582 3296 sint
604 3237 685 3296 circa
709 3238 830 3295 cineres
852 3256 946 3308 meos
964 3249 995 3296 et
1016 3239 1174 3298 vinearum
1198 3241 1330 3317 largiter.

131 3341 233 3399 Valde
250 3340 332 3398 enirn
347 3340 459 3397 falsum
476 3348 523 3397 est
535 3338 605 3397 vivo
620 3338 745 3413 quidem
757 3338 867 3396 domos
879 3339 977 3396 cultas
989 3358 1067 3410 esse,
1081 3359 1141 3397 non
1155 3340 1253 3397 curari
1269 3360 1330 3412 eas,

133 3442 186 3499 ubi
209 3440 324 3499 diutius
347 3439 438 3498 nobis
461 3439 663 3497 habitandum
680 3448 735 3496 est.
781 3441 820 3496 Et
835 3438 906 3497 ideo
921 3448 993 3497 ante
1017 3440 1120 3497 omnia
1142 3440 1223 3498 adici
1246 3441 1331 3500 volo:

133 3549 151 3574 ‘⁶
162 3542 222 3600 hoc
238 3549 471 3599 monumentum
487 3539 631 3597 heredem
650 3558 712 3596 non
728 3538 895 3613 sequitur.”
920 3541 1063 3597 Ceterum
1074 3540 1131 3598 erit
1141 3540 1215 3597 mihi
1231 3525 1331 3613 curae,

133 3650 168 3698 ut
182 3649 369 3699 testamento
392 3658 528 3709 caveam,
547 3657 585 3697 ne
608 3649 746 3697 mortuus
770 3638 911 3696 iniuriam
936 3639 1094 3714 accipiam
1140 3643 1383 3717 Praeponam3o

134 3740 217 3799 enirn
242 3759 336 3798 unum
352 3758 389 3798 ex
412 3738 530 3797 libertis
552 3738 693 3813 sepulcro
716 3747 784 3796 meo
808 3739 968 3796 custodiae
991 3758 1093 3798 causa.
1139 3741 1184 3798 Te
1200 3759 1283 3817 rogo,
1302 3750 1334 3798 ut

135 3859 231 3899 naves
248 3840 341 3898 etiam
532 3838 722 3897 monumenti
746 3839 805 3896 mei
827 3838 924 3897 facias
948 3839 1047 3914 plenis
1077 3840 1154 3898 velis
1169 3850 1286 3912 euntes,
1304 3851 1335 3900 et

135 3960 184 3999 me
200 3941 232 3998 in
248 3939 395 3998 tribunali
410 3940 568 3998 sedentem
593 3947 817 4014 praetextatum
833 3959 902 3997 cum
919 3940 1018 3998 anulis
1035 3940 1135 3999 aureis
1152 3940 1288 4017 quinque
1304 3952 1335 4000 et

136 4059 280 4099 nummos
295 4040 327 4097 in
342 4040 466 4116 publico
482 4041 520 4098 de
536 4041 661 4098 sacculo
677 4039 886 4098 effundentem
900 4064 906 4104 ;
931 4040 992 4098 scis
1008 4040 1097 4114 enim,
1112 4041 1194 4117 quod
1210 4044 1334 4117 epulum

135 4140 210 4199 dedi
226 4150 257 4198 et
272 4140 363 4198 binos
379 4139 534 4198 denarios.
580 4139 732 4222 Faciatnr,
751 4139 776 4196 si
792 4139 848 4196 tibi
864 4138 992 4211 videtur,
1010 4150 1040 4199 et
1056 4141 1195 4199 triclinia.
1224 4143 1381 4214 Facias35

136 4251 170 4300 et
184 4250 281 4299 totum
295 4240 441 4315 populum
458 4240 517 4298 sibi
533 4237 668 4297 suaviter
681 4227 858 4298 racientem.
882 4240 932 4297 Ad
948 4241 1103 4299 dexteram
1121 4261 1220 4299 meam
1236 4262 1335 4319 ponas

134 4352 270 4400 statuam
295 4342 481 4398 Fortunatae
504 4358 591 4398 meae
607 4339 779 4397 columbam
802 4350 977 4398 tenentem:
1001 4351 1031 4399 et
1053 4343 1195 4400 catellam
1211 4343 1335 4419 cingulo

135 4441 293 4518 alligatam
306 4441 415 4498 ducat:
439 4452 470 4498 et
485 4439 658 4498 cicaronem
672 4458 781 4508 meum,
795 4450 827 4497 et
839 4441 1004 4514 amphoras
1019 4442 1162 4517 copiosas
1177 4453 1333 4520 gypsatos,

137 4560 178 4600 ne
193 4542 318 4599 effluant
340 4540 454 4598 vinum.
501 4542 538 4598 Et
561 4559 669 4598 urnam
693 4540 765 4598 licet
786 4541 917 4597 fractam
940 4542 1074 4616 sculpas
1098 4554 1128 4602 et
1151 4562 1244 4620 super
1267 4564 1334 4603 eam

136 4659 266 4716 puerum
283 4640 464 4715 plorantem.
489 4639 693 4715 Horologium
706 4639 736 4696 in
753 4640 863 4710 medi0,
878 4649 911 4698 ut
924 4640 1065 4715 quisquis
1078 4643 1169 4700 ho'ras
1181 4644 1334 4719 inspiciet,
1346 4656 1385 4708 40

135 4740 211 4799 velit
225 4741 310 4812 nolit,
329 4758 440 4798 nomen
463 4759 565 4798 meum
581 4740 670 4816 legat.
717 4741 884 4815 Inscriptio
906 4759 1031 4817 quoque
1046 4743 1116 4800 vide
1132 4742 1294 4820 diligenter
1308 4748 1335 4804 si
