3217 5417
698 588 732 624 21

158 752 198 808 Et
214 771 288 809 sane
304 753 366 808 iam
381 753 526 810 lucernae
542 751 617 808 mihi
632 753 736 826 plures
758 752 943 809 videbantur
964 752 1073 808 ardere
1095 759 1254 824 totumque
1269 748 1317 805 tri-

114 850 244 908 clinium
267 871 336 910 esse
352 862 510 923 mutatum,
528 871 598 909 cum
614 852 803 910 Trimalchio
820 852 893 909 ‘tibi
915 852 1003 908 dico’
1020 850 1119 925 inquit
1142 850 1315 919 ‘Plocame,

117 950 196 1008 nihil
219 954 350 1010 narras?
393 952 479 1010 Nihil
494 971 552 1010 nos
567 951 751 1010 delectaris?
795 954 834 1009 Et
849 951 972 1009 solebas
995 951 1119 1008 suavius
1141 969 1220 1021 esse,
1238 948 1316 1007 belle

116 1050 258 1109 diverbia
274 1052 385 1123 dicere,
403 1052 512 1111 melica
528 1053 690 1111 canturire.
737 1053 811 1128 Heu
826 1053 894 1122 heu,
919 1050 1027 1109 abistis
1049 1050 1148 1108 dulcis
1176 1050 1315 1108 caricae’

119 1152 207 1207 ‘Iam
222 1152 228 1176 ’
245 1152 346 1227 inquit
362 1153 413 1210 ille
429 1152 618 1229 ‘quadrigae
633 1172 721 1211 meae
736 1153 985 1220 decucurrerunt,
1002 1171 1039 1209 ex
1054 1169 1116 1226 quo
1131 1149 1317 1226 podagricus
1347 1169 1363 1227 5

115 1251 221 1309 iactus
237 1271 315 1309 sum.
360 1253 508 1328 Alioquin
531 1273 600 1311 cum
623 1272 725 1311 essem
747 1252 1008 1322 adulescentulus
1032 1251 1188 1309 cautando
1217 1270 1316 1325 paene

117 1350 293 1424 phthisicus
307 1352 409 1410 faetus
425 1371 503 1410 sum.
547 1352 632 1425 Quid
647 1353 783 1410 saltare?
805 1352 889 1424 Quid
904 1351 1064 1410 diverbia?
1096 1351 1181 1423 Quid
1195 1351 1316 1408 tonstri-

118 1452 215 1509 num?
259 1451 394 1523 Quando
416 1471 521 1527 parem
545 1453 640 1510 habui
662 1452 723 1510 nisi
745 1471 840 1509 unum
856 1452 1071 1527 Apelletem?’
1102 1450 1315 1525 Appositaque

118 1551 159 1608 ad
176 1570 211 1609 os
228 1570 322 1608 manu
338 1553 443 1610 nescio
465 1553 540 1628 quid
555 1562 688 1611 taetrum
711 1553 894 1623 exsibilavit,
919 1553 1003 1628 quod
1025 1561 1133 1627 postea
1162 1552 1315 1609 Graecum

117 1670 188 1710 esse
205 1652 387 1710 affirmabat.
1329 1670 1365 1705 10

161 1755 228 1811 Nec
245 1772 307 1811 non
323 1754 511 1812 Trimalchio
526 1754 593 1829 ipse
608 1773 678 1812 curn
693 1755 848 1812 tubicines
863 1764 947 1812 esset
972 1754 1116 1824 imitatus,
1134 1754 1173 1810 ad
1189 1752 1316 1811 delicias

118 1871 194 1910 suas
209 1853 352 1928 respexit
371 1872 463 1929 quem
479 1855 630 1912 Croesum
646 1855 834 1929 appellabat.
879 1856 960 1912 Puer
976 1863 1077 1911 autem
1093 1852 1204 1928 lippus,
1221 1853 1316 1910 sordi-

115 1953 253 2011 dissimis
268 1954 422 2026 dentibus
439 1955 581 2012 catellam
597 1955 716 2031 nigram
729 1966 822 2030 atque
837 1955 1015 2013 indecenter
1030 1954 1175 2030 pinguem
1191 1953 1316 2028 prasina

115 2053 296 2112 involvebat
317 2054 416 2112 fascia
438 2074 613 2131 panemque
643 2056 805 2114 semissem
827 2056 965 2130 ponebat
987 2074 1080 2129 super
1101 2064 1201 2112 torum
1224 2069 1316 2130 atque

116 2151 204 2234 [hac]
224 2173 340 2212 nausea
356 2166 550 2213 recusantem
573 2155 744 2232 saginabat.
789 2156 862 2228 Quo
877 2154 1055 2213 admonitus
1076 2154 1168 2212 officii
1189 2154 1317 2212 Trimal·
1330 2165 1363 2224 15

114 2254 188 2312 chio
205 2254 364 2331 Scylacem
380 2256 469 2313 iussit
491 2256 604 2314 adduci
627 2256 833 2331 ‘praesidium
856 2256 967 2314 domus
988 2254 1205 2329 familiaeque?
1249 2257 1317 2314 Nec

115 2373 213 2426 mora,
231 2356 366 2430 ingentis
387 2356 506 2414 formae
521 2356 677 2414 adductus
693 2367 740 2414 est
755 2356 842 2414 canis
857 2366 968 2414 catena
981 2356 1112 2425 vinctus,
1130 2355 1316 2414 admonitus

114 2473 178 2529 que
194 2454 312 2512 ostiarii
327 2455 421 2527 calce,
440 2464 472 2513 ut
487 2456 622 2527 cubaret,
639 2464 711 2514 ante
734 2475 872 2514 mensam
889 2475 922 2513 se
938 2455 1049 2531 posuit.
1093 2456 1173 2512 Tum
1189 2454 1316 2514 Trimal-

114 2555 189 2612 chio
205 2554 323 2613 iactans
338 2555 504 2613 candidum
520 2575 631 2630 panem
649 2557 773 2614 ‘nemo'
790 2555 890 2631 inquit
906 2556 955 2613 ‘in
978 2556 1070 2615 domo
1092 2575 1160 2614 mea
1182 2576 1230 2614 me
1246 2556 1317 2631 plus

115 2656 222 2712 amat!
266 2655 452 2731 Indignatus
467 2675 552 2731 puer,
570 2657 653 2731 quod
677 2658 836 2734 Scylacem
859 2666 922 2714 tam
938 2657 1035 2715 effuse
1062 2657 1210 2728 laudaret,
1227 2658 1366 2717 catel—zo

115 2756 177 2812 lam
210 2754 241 2811 in
270 2766 383 2814 terram
407 2756 551 2831 deposuit
586 2758 788 2833 hortatusque
810 2765 858 2829 est,
883 2767 916 2815 ut
938 2758 978 2815 ad
1001 2758 1097 2814 rixam
1127 2768 1314 2833 properaret.

117 2855 239 2933 Scylax,
256 2856 368 2938 canino
384 2857 502 2915 scilicet
517 2876 591 2915 usus
607 2857 741 2933 ingenie,
757 2858 935 2917 taeterrimo
957 2857 1067 2916 latratu
1083 2858 1249 2917 triclinium
1264 2859 1317 2916 im-

116 2955 214 3030 plevit
237 2956 501 3032 Margaritamque
539 2957 647 3015 Croesi
669 2976 771 3032 paene
806 2958 962 3016 laceravit.
1029 2960 1096 3016 Nec
1118 2958 1197 3016 intra
1220 2959 1325 3017 rixam-

116 3057 268 3114 tumultus
283 3057 429 3129 constitit,
448 3057 503 3115 sed
518 3057 738 3115 candelabrum
753 3058 846 3116 etiam
861 3078 954 3133 super
976 3077 1113 3117 mensam
1129 3077 1270 3117 eversum
1286 3070 1317 3119 et

116 3174 192 3214 vasa
214 3157 319 3214 omnia
340 3157 518 3234 crystallina
540 3158 721 3216 comminuit
734 3168 766 3216 et
787 3158 857 3217 oleo
878 3159 1009 3218 ferventi
1031 3158 1148 3233 aliquot
1169 3160 1342 3219 convivas2
1348 3181 1364 3239 5

117 3257 274 3331 respersit.
319 3256 509 3315 Trimalchio
532 3276 570 3315 ne
586 3257 742 3316 videretur
757 3258 875 3316 iactura
897 3269 1008 3331 motus,
1032 3259 1165 3317 basiavit
1187 3278 1316 3334 puerum

117 3375 155 3414 ac
169 3356 261 3415 iussit
276 3376 368 3432 super
390 3357 516 3416 dorsum
547 3358 714 3416 ascendere
736 3377 835 3417 suum.
880 3361 910 3417 N
912 3378 952 3417 on
969 3369 1104 3417 moratus
1121 3359 1171 3418 ille
1187 3379 1262 3419 usus
1277 3368 1320 3418 est

117 3476 199 3532 equo
215 3476 371 3533 manuque
386 3457 479 3533 plena
491 3458 634 3533 scapulas
649 3458 716 3516 eius
732 3459 864 3517 subinde
876 3460 1056 3531 verberavit,
1070 3460 1209 3535 interque
1221 3460 1316 3519 risum

116 3558 339 3633 proclamavit,
385 3560 515 3630 ‘Bucca,
532 3558 640 3629 bucca,
658 3568 733 3634 quot
749 3569 822 3617 sunt
836 3559 927 3618 hic?'
972 3562 1147 3635 Repressus
1170 3580 1243 3638 ergo
1264 3561 1317 3619 ali·

118 3658 267 3733 quamdiu
283 3658 472 3716 Trimalchio
487 3659 648 3716 camellam
663 3659 812 3735 grandem
828 3660 917 3718 iussit
932 3660 1053 3718 misceri
1325 3680 1366 3735 30

543 3758 686 3833 potiones
702 3759 798 3816 dividi
814 3760 956 3818 omnibus
972 3760 1077 3831 servis,
1096 3762 1148 3836 qui
1164 3761 1204 3820 ad
1220 3763 1316 3837 pedes

117 3858 279 3929 sedebant,
297 3858 418 3916 adiecta
440 3859 641 3933 exceptione:
688 3860 733 3917 ‘si
756 3860 844 3935 quis'
868 3861 967 3936 inquit
990 3862 1141 3920 ‘noluerit
1163 3863 1313 3938 accipere,

116 3969 209 4034 caput
233 3959 277 4016 illi
289 3959 449 4033 perfunde.
494 3959 635 4018 Interdiu
651 3978 766 4032 severa,
784 3979 867 4018 nunc
881 3961 1022 4020 hilaria.”

157 4233 214 4290 VI.
262 4232 354 4288 Hanc
369 4231 593 4289 humanitatem
624 4230 782 4289 insecutae
797 4239 870 4288 sunt
895 4240 1036 4301 matteae,
1067 4249 1197 4306 quarum
1221 4230 1314 4289 etiam

116 4331 289 4390 recordatio
306 4314 363 4402 me,
381 4330 407 4388 si
423 4349 483 4405 qua
499 4340 547 4388 est
561 4329 677 4388 dicenti
698 4330 785 4401 fides,
803 4329 941 4389 offendit.
988 4330 1134 4406 Singulae
1156 4331 1238 4388 enirn
1253 4333 1341 4407 gal-3
1346 4343 1362 4402 5

117 4430 196 4490 linae
213 4431 315 4490 altiles
330 4450 386 4506 pro
397 4431 495 4488 turdis
510 4429 707 4489 circumlatae
722 4440 795 4488 sunt
809 4440 840 4489 et
851 4449 909 4488 ova
925 4430 1068 4488 anserina
1084 4431 1217 4505 pilleata,
1235 4450 1314 4507 quae

117 4541 150 4589 ut
164 4550 384 4602 comessemuS,
402 4530 652 4588 ambitiosissime
664 4550 684 4587 a
696 4529 786 4587 nobis
801 4529 990 4587 Trimalchio
1005 4530 1092 4604 petiit
1107 4531 1214 4589 dicens
1230 4549 1315 4589 exos

118 4642 202 4690 satas
217 4651 287 4690 esse
303 4631 444 4707 gallinas.
476 4633 562 4689 Inter
576 4631 653 4689 haec
668 4629 793 4688 triclinii
809 4629 915 4688 valvas
931 4630 1019 4688 lictor
1045 4631 1206 4705 percussit,
1224 4632 1315 4690 amic-

118 4740 228 4809 tusque
251 4742 337 4790 veste
353 4730 423 4790 alba
438 4750 508 4791 curn
530 4731 647 4809 ingenti
674 4730 850 4805 frequentia
872 4730 1056 4790 comissator
1071 4731 1202 4790 intravit.
1249 4734 1318 4809 Ego

325 4833 344 4889 ὁ
