3217 5417
710 589 742 626 11

129 751 202 809 vidi.
258 753 382 811 Occidit
410 754 450 811 de
479 753 606 811 lucerna
628 753 757 829 equites,
781 762 905 827 putares
928 769 982 809 eos
1004 749 1102 826 gallos
1116 749 1327 825 gallinaceos:

129 852 207 911 alter
236 853 436 925 burdubasta,
460 855 537 911 alter
558 853 680 928 loripes,
704 852 860 911 tertiarius
882 861 1021 909 mortuus
1044 869 1099 925 pro
1122 858 1251 920 mortu0,
1276 848 1329 925 qni

128 953 267 1011 habebat
282 954 388 1011 nervia
403 955 553 1029 praecisa.
599 955 691 1011 Unus
707 953 837 1011 alicuius
859 952 987 1010 flaturae
1002 951 1060 1009 fuit
1081 950 1213 1020 Thraex,
1231 950 1281 1025 qui
1298 958 1329 1007 et

128 1052 197 1128 ipse
212 1053 251 1110 ad
267 1052 382 1111 dictata
405 1054 562 1130 pugnavit.
609 1054 658 1112 Ad
684 1071 844 1123 summam,
862 1069 970 1110 omnes
1000 1062 1111 1126 postea
1132 1049 1209 1108 secti
1235 1059 1326 1121 sunt;

124 1152 205 1211 adeo
220 1153 259 1211 de
276 1172 387 1228 magna
402 1154 493 1212 turba
517 1153 688 1211 “adhibete
698 1154 714 1178 '’
738 1162 931 1227 acceperant,
949 1151 1040 1226 plane
1056 1152 1148 1225 fugae
1164 1168 1276 1208 merae.
1359 1172 1375 1229 5

129 1259 147 1285 “
160 1254 278 1311 Munus
293 1264 397 1312 tamen
409 1253 529 1331 ”inquit
546 1253 621 1312 “tibi
647 1253 750 1324 dedi,’'
767 1263 797 1311 et
812 1259 892 1328 ego“
918 1251 973 1310 tibi
989 1252 1093 1327 plodo.
1117 1253 1280 1325 Computa,
1299 1259 1329 1307 et

128 1353 185 1412 tibi
198 1353 268 1428 plus
283 1355 325 1412 do
340 1373 432 1430 quam
446 1355 561 1430 accepi.
606 1355 721 1412 Manus
738 1371 862 1411 manum
878 1353 990 1411 lavat.”
1013 1350 1137 1409 Videris
1153 1350 1235 1420 mihi,
1251 1353 1329 1427 Aga-

128 1472 285 1526 memnon,
316 1454 438 1514 dicere:
484 1455 590 1532 “quid
619 1456 677 1513 iste
707 1464 830 1529 argutat
859 1453 1058 1511 molestus?''
1102 1452 1193 1525 Quia,
1218 1462 1259 1522 tu,
1276 1451 1329 1526 qni

128 1564 228 1630 potes,
247 1553 370 1636 [loqui],
388 1575 450 1614 non
467 1557 601 1631 loquere.
646 1557 718 1613 Non
735 1574 768 1614 es
784 1563 908 1612 nostrae
930 1554 1055 1624 fasciae,
1070 1561 1100 1611 et
1115 1552 1185 1611 ideo
1201 1571 1329 1628 pauper-

127 1674 216 1713 orum
232 1657 328 1714 verba
344 1656 476 1715 derides.
502 1657 623 1715 Scimus
639 1665 669 1714 te
685 1674 759 1731 prae
774 1655 879 1714 literas
894 1655 1013 1713 fatuum
1029 1673 1108 1713 esse.
1152 1654 1237 1726 Quid
1252 1673 1326 1730 ergo
1342 1676 1379 1712 10

127 1758 200 1814 est?
231 1756 345 1833 Aliqua
361 1757 411 1815 die
427 1766 458 1815 te
473 1757 676 1832 persuadeam
693 1765 726 1814 ut
741 1756 781 1813 ad
797 1755 900 1813 villam
916 1754 1023 1813 venias
1039 1764 1070 1813 et
1084 1754 1192 1813 videas
1207 1755 1330 1813 casulas

127 1859 276 1915 nostras?
320 1857 520 1915 Inveniemus
543 1856 627 1933 quod
650 1856 882 1928 manducemus,
906 1855 1032 1932 pullum,
1049 1874 1127 1913 ova:
1171 1854 1251 1913 belle
1262 1855 1328 1926 erit,

126 1957 223 2016 etiam
247 1957 273 2015 si
296 1958 400 2015 omnia
421 1958 482 2016 hoc
504 1976 587 2015 anno
616 1967 786 2032 tempestas
815 1956 939 2033 dispare
969 1955 1112 2032 pallavit:
1136 1955 1329 2014 inveniemus

126 2076 204 2134 ergo
220 2058 302 2116 unde
318 2058 414 2116 saturi
430 2058 549 2116 fiamus.
595 2057 709 2116 Etiam
725 2057 781 2115 tibi
796 2056 966 2132 discipulus
989 2056 1100 2114 crescit
1115 2056 1216 2124 cicaro
1232 2075 1328 2115 meus

127 2162 198 2217 Iam
228 2167 374 2235 quattuor
402 2159 499 2233 partis
528 2159 623 2230 dicit;
647 2159 673 2217 si
689 2158 807 2229 vixerit,
839 2156 969 2216 habebis
999 2157 1038 2214 ad
1053 2156 1134 2214 latus
1164 2157 1328 2216 servulum.
1343 2172 1377 2230 15

126 2261 211 2317 Nam
236 2259 385 2335 quicquid
401 2258 445 2316 illi
460 2268 559 2330 vacat,
583 2268 677 2334 caput
692 2259 732 2317 de
747 2259 853 2316 tabula
869 2276 931 2317 non
946 2257 1033 2315 tollit.
1080 2257 1266 2333 Ingeniosus
1282 2268 1330 2317 est

125 2369 158 2418 et
175 2360 259 2418 bono
274 2360 335 2430 filo,
353 2359 445 2418 etiam
462 2359 489 2417 si
504 2359 536 2416 in
551 2377 625 2417 aves
655 2358 819 2416 morbosus
841 2368 897 2415 est.
944 2360 1009 2434 Ego
1024 2356 1068 2414 illi
1083 2357 1144 2414 iam
1173 2368 1237 2416 tres
1266 2377 1330 2417 car-

124 2459 216 2518 deles
239 2460 349 2531 occidi,
366 2469 397 2518 et
412 2458 475 2517 dixi
501 2459 584 2534 quod
614 2458 756 2517 mustella
785 2457 928 2516 comedit.
974 2458 1099 2516 Invenit
1127 2467 1230 2516 tamen
1253 2459 1330 2518 alias

125 2560 250 2632 nenias,
282 2569 313 2619 et
341 2560 544 2619 libentissime
574 2559 681 2635 pingit.
741 2560 886 2617 Ceterum
923 2558 984 2616 iam
1020 2558 1181 2617 Graeculis
1211 2560 1327 2619 calcem

126 2660 274 2737 impingit
289 2669 321 2719 et
335 2659 463 2718 Latinas
479 2660 582 2735 coepit
597 2678 659 2717 non
676 2659 754 2717 male
770 2668 915 2734 appetere
931 2659 1038 2737 (etiam
1053 2658 1079 2717 si
1096 2659 1240 2736 magister
1263 2660 1329 2720 eius
1340 2691 1379 2728 20

126 2761 190 2820 sibi
213 2762 343 2836 placens
357 2759 414 2839 fit),
428 2779 485 2819 nec
501 2779 564 2817 uno
580 2760 648 2818 loco
670 2759 821 2830 consistit,
839 2758 895 2817 sed
911 2759 1004 2831 venit,
1035 2759 1106 2817 dem
1131 2761 1243 2833 literas,
1271 2763 1328 2820 sed

125 2880 192 2920 non
208 2862 274 2920 vult
290 2861 439 2919 laborare.
485 2863 541 2918 Est
555 2871 587 2919 et
601 2861 678 2919 alter
700 2879 763 2918 non
793 2859 917 2935 quidem
949 2859 1068 2931 doctus,
1092 2859 1149 2918 sed
1178 2862 1327 2935 curiosus

123 2962 179 3038 qui
189 2961 261 3037 plus
272 2961 365 3019 docet
381 2979 473 3036 quam
485 2960 551 3018 scit.
598 2963 707 3036 Itaque
723 2959 841 3019 feriatis
854 2959 964 3018 diebus
976 2960 1057 3018 solet
1072 2960 1198 3018 domum
1214 2962 1327 3035 venire,

124 3072 158 3123 et
174 3061 323 3139 quicquid
340 3060 471 3132 dederis,
485 3070 651 3119 contentus
666 3069 721 3119 est.
748 3060 816 3118 Emi
828 3078 902 3137 ergo
913 3079 996 3118 nunc
1011 3079 1107 3135 puero
1120 3061 1237 3136 aliquot
1252 3062 1331 3132 libra

126 3162 294 3233 rubricata,
319 3161 390 3237 quia
414 3162 484 3219 volo
507 3161 592 3219 illum
609 3160 649 3218 ad
672 3160 885 3219 domusionem
909 3160 1023 3236 aliquid
1045 3163 1086 3220 de
1108 3161 1173 3221 iure
1194 3173 1377 3246 gustare.25

128 3263 239 3321 Habet
261 3262 339 3320 haec
355 3280 404 3320 res
419 3280 539 3337 panem.
586 3263 666 3318 Nam
690 3260 785 3319 literis
801 3261 878 3319 satis
894 3260 1072 3336 inquinatus
1087 3271 1143 3321 est.
1188 3264 1281 3335 Quod
1304 3264 1330 3322 si

125 3362 281 3434 resilierit,
306 3352 459 3421 destinavi
481 3362 567 3419 illum
590 3361 709 3420 artificii
732 3362 852 3432 docere,
870 3371 922 3420 aut
944 3363 1147 3421 tonstreinum
1170 3375 1224 3422 aut
1245 3384 1330 3441 prae

125 3482 240 3522 eonem
257 3473 311 3521 aut
327 3472 409 3521 certe
431 3462 632 3533 causidicum,
650 3462 733 3537 quod
750 3462 793 3519 illi
809 3463 929 3521 auferre
946 3481 1008 3521 non
1029 3464 1129 3538 possit
1144 3464 1203 3523 nisi
1219 3465 1329 3525 Orcus.

124 3562 205 3621 Ideo
220 3562 265 3620 illi
280 3563 394 3621 cotidie
416 3562 533 3621 clamo:
560 3561 755 3638 “Primigeni,
773 3563 864 3621 crede
879 3562 964 3632 mihi,
984 3563 1132 3639 quicquid
1148 3565 1252 3638 discis,
1270 3566 1326 3625 tibi

126 3662 234 3721 discis.
280 3662 380 3721 Vides
417 3662 612 3720 Phileronem
635 3661 847 3720 causidicum:
892 3661 918 3719 si
945 3682 1008 3720 non
1038 3663 1207 3736 didicisset,
1237 3666 1332 3726 hodie
1340 3689 1381 3743 30

125 3765 245 3822 famem
261 3781 280 3820 a
296 3762 391 3820 labris
413 3780 475 3820 non
492 3762 637 3836 abigeret.
683 3762 787 3833 Modo,
806 3763 899 3820 modo
921 3762 1001 3821 collo
1017 3781 1074 3821 suo
1096 3764 1332 3826 circumferebat

126 3883 226 3923 onera
242 3862 374 3934 venalia,
391 3862 582 3920 nuncetiam
598 3861 746 3920 adversus
770 3861 951 3920 Norbanum
967 3881 1002 3921 se
1017 3864 1164 3923 extendit.
1209 3867 1331 3927 Literae

126 3965 310 4023 thesaurum
327 3970 382 4034 est,
400 3971 431 4021 et
447 3961 608 4020 artificium
624 3980 782 4037 nunquam
798 3962 956 4020 moritur.''

172 4062 335 4122 Eiusmodi
357 4062 482 4120 fabulae
504 4061 675 4133 vibrabant,
700 4081 769 4120 cum
791 4062 980 4121 Trimalchio
1009 4062 1133 4124 intravit
1155 4076 1186 4125 et
1207 4068 1332 4127 detersa

125 4166 232 4222 fronte
256 4171 414 4238 unguento
436 4181 546 4219 manus
569 4161 650 4219 lavit.
697 4164 763 4220 Nec
786 4161 888 4221 adhuc
911 4162 1086 4223 sciebamus
1108 4184 1165 4224 nos
1181 4167 1213 4225 in
1228 4169 1379 4247 nredio35

128 4263 329 4334 lautitiarum,
355 4262 439 4337 quod
469 4262 563 4331 aiunt,
588 4261 668 4319 clivo
700 4261 850 4321 laborare.
906 4265 985 4321 Nam
1009 4283 1079 4323 cum
1112 4268 1269 4327 mundatis
1292 4272 1332 4329 ad

126 4363 347 4449 symphoniam
364 4362 479 4420 mensis
494 4371 557 4420 tres
573 4362 634 4419 albi
649 4381 720 4420 sues
737 4362 768 4419 in
779 4362 944 4422 triclinium
961 4363 1087 4423 adducti
1103 4377 1174 4425 sunt
1188 4369 1332 4445 capistris

126 4474 159 4523 et
174 4462 393 4523 tintinnabulis
410 4462 492 4533 culti,
510 4480 639 4537 quorum
663 4481 757 4520 unum
779 4462 896 4521 bimum
921 4466 1153 4525 nomenculator
1168 4487 1237 4528 esse
1253 4470 1333 4531 dice

126 4565 192 4636 bat,
228 4562 358 4621 alterum
392 4562 525 4633 trimum,
562 4561 684 4619 tertium
718 4581 791 4621 vero
814 4563 873 4620 iam
905 4583 1080 4639 sexennem,
1104 4586 1163 4644 ego
1185 4570 1331 4644 putabam

128 4661 366 4740 petauristarios
389 4661 520 4720 intrasse
543 4670 574 4720 et
595 4680 715 4736 porcos,
740 4662 820 4721 sicut
836 4664 867 4720 in
883 4665 1004 4724 circulis
1027 4685 1094 4725 mos
1117 4677 1172 4740 est,
1190 4680 1332 4745 portenta
1342 4702 1382 4754 40

125 4765 232 4846 aliqua
246 4764 386 4825 facturos
399 4785 405 4838 3
430 4762 485 4824 sed
496 4761 684 4822 Trimalchio
700 4764 916 4840 expectatione
928 4765 1072 4825 discussa
1089 4771 1214 4848 ‘quem’
1232 4771 1333 4852 inquit
