3217 5417
712 572 745 643 13

145 755 216 811 turn
248 742 408 812 artificium
443 773 520 813 esse.
567 757 711 813 Ceterum
734 755 796 813 duo
819 773 888 813 esse
918 755 948 810 in
979 754 1071 812 rebus
1093 740 1245 822 humanis,
1271 759 1350 827 quae'

145 854 355 913 libentissime
385 865 547 931 spectaret,
579 856 811 931 petauristarios
833 864 863 912 et
885 855 1078 925 cornicines;
1101 853 1219 928 reliqua
1248 872 1350 911 acroa-

146 965 236 1012 mata
266 956 360 1013 tricas
391 975 491 1013 meras
521 975 598 1026 esse,
618 963 707 1013 ‘nam
723 965 753 1013 et
768 955 953 1013 comoedos'
985 954 1084 1029 inquit
1115 961 1277 1023 ‘emeram
1295 954 1349 1011 sed

146 1055 247 1113 malui
279 1056 349 1113 illos
379 1056 566 1114 Atellaniam
596 1057 708 1122 iacere,
740 1066 770 1114 et
800 1056 966 1113 choraulen
990 1073 1090 1113 meum
1128 1054 1204 1111 iussi
1241 1054 1351 1113 Latine

147 1156 299 1213 cantare)
1383 1162 1398 1220 5

195 1257 279 1335 Cum
292 1255 423 1313 maxime
440 1257 516 1313 haec
532 1256 654 1314 dicente
670 1256 748 1313 Gaio
764 1274 840 1331 puer

148 1355 394 1413 Trimalchionis
423 1356 570 1430 delapsus
594 1365 648 1414 est.
696 1355 908 1414 Conclamavit
930 1354 1055 1424 familia,
1081 1373 1137 1412 nec
1160 1353 1259 1411 minus
1283 1372 1352 1410 con-

148 1455 249 1526 vivae,
269 1475 331 1512 non
348 1465 472 1532 propter
488 1456 642 1514 hominem
665 1465 726 1513 tarn
750 1455 899 1530 putidum,
924 1454 1011 1512 cuius
1023 1464 1053 1512 et
1075 1454 1211 1512 cervices
1232 1454 1347 1511 fractas

148 1555 286 1613 libenter
301 1556 460 1627 vidissent,
479 1556 535 1614 sed
550 1567 675 1631 propter
692 1557 803 1613 malum
816 1556 929 1614 exitum
945 1574 1050 1625 cenae,
1065 1574 1103 1613 ne
1117 1573 1245 1612 necesse
1261 1556 1352 1613 habe·

147 1666 219 1713 rent
242 1657 376 1714 alienum
399 1667 552 1714 mortuum
575 1658 703 1732 plorare.
751 1659 824 1732 Ipse
847 1655 1035 1713 Trimalchio
1057 1674 1126 1713 cum
1155 1655 1288 1731 graviter
1310 1655 1351 1712 in·
1366 1663 1401 1699 10

145 1757 321 1832 gemuisset
344 1776 498 1832 superque
521 1757 680 1815 brachium
696 1767 844 1831 tanquam
861 1758 980 1814 laesum
1002 1756 1202 1828 incubuisset,
1217 1768 1352 1818 'concur-

146 1857 356 1926 rere'medici,
374 1867 404 1914 et
420 1857 498 1915 inter
521 1856 636 1933 primos
662 1858 827 1914 Fortunata
851 1856 986 1913 crinibus
1009 1857 1109 1931 passis
1132 1874 1201 1913 cum
1225 1856 1350 1933 scyph0,

146 1957 359 2032 miseramque
390 1976 423 2015 se
453 1967 547 2032 atque
570 1956 724 2015 infelicem
754 1957 964 2031 proclamavit.
1010 1959 1090 2013 Nam
1121 1975 1196 2032 puer
1218 1956 1351 2031 quidem,

147 2058 205 2131 qui
222 2057 385 2122 ceciderat,
410 2057 592 2115 circumibat
608 2058 666 2115 iam
684 2057 799 2114 dudum
817 2057 912 2131 pedes
929 2066 1050 2114 nostros
1067 2066 1097 2114 et
1112 2057 1291 2114 missionem
1307 2075 1353 2114 ro

146 2158 255 2232 gabat.
304 2157 441 2215 Pessime
472 2157 545 2213 mihi
576 2167 648 2228 erat,
673 2176 711 2214 ne
734 2156 782 2214 his
806 2156 949 2231 precibus
973 2175 1026 2231 per
1049 2155 1211 2214 ridiculum
1234 2156 1399 2233 aliquid15

148 2258 354 2331 catastropha
379 2267 586 2331 quaereretur.
632 2259 699 2315 Nec
715 2257 796 2314 enim
814 2257 915 2314 adhuc
937 2257 1092 2315 exciderat
1114 2276 1208 2315 cocus
1231 2242 1282 2351 md
1300 2258 1352 2331 qui
1428 2259 1480 2319 ,ι

149 2357 269 2415 oblitus
291 2358 392 2414 fuerat
415 2375 542 2431 porcum
565 2357 745 2415 exinterare.
792 2359 901 2431 Itaque
924 2367 1020 2414 totum
1044 2358 1281 2432 circumspicere
1303 2358 1352 2415 tri-

148 2457 281 2515 clinium
304 2457 401 2531 coepi,
426 2476 464 2515 ne
487 2476 541 2532 per
563 2458 710 2531 parietem
742 2467 930 2514 automatum
961 2457 1087 2532 aliquod
1118 2458 1221 2529 exiret,
1247 2458 1352 2533 utique

149 2567 321 2632 postquam
345 2576 452 2614 servus
475 2557 628 2614 verberari
652 2558 761 2632 coepit,
786 2558 839 2631 qui
862 2558 1020 2615 brachium
1043 2558 1160 2615 domini
1190 2569 1350 2616 contusum

151 2659 224 2716 alba
241 2658 345 2733 potius
361 2675 453 2731 quam
469 2656 662 2733 conchyliata
678 2657 848 2715 involverat
871 2659 950 2714 lana.
997 2660 1064 2716 Nec
1087 2660 1177 2734 longe
1200 2659 1353 2716 aberravit
1364 2676 1402 2712 20

151 2757 292 2832 suspicio
309 2776 395 2827 mea3
421 2757 450 2813 in
467 2757 564 2815 vicem
582 2757 663 2815 enim
680 2776 798 2832 poenae
822 2758 905 2815 venit
921 2758 1077 2816 decretum
1101 2759 1350 2831 Trimalchionis
1380 2775 1389 2783 ’

150 2877 214 2934 quo
227 2878 356 2933 puerum
374 2858 462 2915 iussit
479 2857 607 2915 liberum
624 2876 700 2928 esse,
720 2877 757 2915 ne
773 2858 842 2932 quis
858 2869 964 2932 posset
986 2859 1096 2930 dicere,
1113 2869 1230 2916 tanturn
1254 2860 1351 2917 virum

149 2979 221 3017 esse
238 2978 256 3015 a
273 2977 362 3016 servo
378 2958 579 3015 vulneratum.

194 3058 444 3133 Comprobamus
468 3077 525 3114 nos
546 3058 661 3114 factum
678 3067 707 3115 et
724 3077 816 3133 quam
833 3059 864 3114 in
881 3058 1038 3133 praecipiti
1062 3078 1110 3117 res
1132 3060 1286 3118 humanae
1309 3079 1353 3118 es-

150 3169 230 3230 sent,
250 3159 334 3216 vario
351 3177 491 3216 sermone
507 3158 666 3233 garrimus
714 3159 798 3215 ‘lta'
816 3158 915 3233 inquit
930 3160 1118 3217 Trimalchio
1135 3167 1217 3217 ‘non
1232 3171 1353 3234 oportet
1364 3174 1399 3230 25

151 3241 234 3320 hunc
252 3279 357 3317 casum
375 3258 441 3316 sine
458 3258 655 3332 inscriptione
678 3258 828 3316 transire'
852 3259 1017 3334 statimque
1033 3261 1194 3318 codicillos
1210 3262 1353 3336 poposcit

151 3371 181 3418 et
198 3379 262 3418 non
279 3359 332 3416 diu
348 3358 535 3435 cogitatione
551 3359 680 3415 distorta
696 3360 772 3415 haec
788 3358 946 3416 recitavit:

407 3442 519 3514 ‘Quod
536 3461 597 3498 non
613 3451 765 3516 expectes
783 3460 820 3499 ex
836 3451 1012 3500 transverso
1028 3442 1062 3500 fit

407 3544 444 3598 Et
460 3560 553 3616 supra
568 3560 624 3598 nos
642 3543 778 3598 Fortuna
794 3542 917 3617 negotia
932 3552 1025 3600 curat.

405 3642 510 3714 Quare
526 3642 566 3698 da
582 3641 672 3698 nobis
687 3642 759 3698 vina
775 3643 914 3713 Falerna,
932 3644 1027 3717 puer.'
1340 3685 1343 3692 .
1362 3673 1402 3727 30

196 3743 247 3801 Ab
263 3744 322 3799 hoc
338 3742 559 3817 epigrammate
574 3742 675 3816 coepit
690 3752 850 3816 poetarum
867 3761 935 3800 esse
952 3744 1065 3801 mentio
1234 3744 1349 3820 diuque

151 3861 276 3901 summa
292 3842 437 3900 carminis
454 3860 549 3916 penes
566 3843 712 3916 Mopsum
728 3842 881 3899 Thracem
911 3854 1080 3901 memorata
1103 3854 1150 3902 est
1173 3845 1273 3903 donec
1289 3846 1353 3902 Tri-

153 3943 289 4001 malchio
308 3950 399 4018 ‘rogo
411 3943 417 3967 ’
434 3942 533 4017 inquit
550 3952 556 3973 ‘
568 3942 720 4017 magister,
734 3942 809 4016 quid
822 3951 913 4016 putas
925 3943 1004 4000 inter
1020 3944 1201 4001 Ciceronem
1211 3955 1241 4002 et
1253 3946 1342 4003 Publi

152 4045 227 4101 lium
259 4043 432 4100 interesse?
477 4044 542 4118 Ego
565 4043 693 4099 alterum
710 4052 784 4116 puto
807 4041 996 4101 disertiorem
1019 4044 1125 4114 fuisse,
1151 4045 1279 4103 alterum
1302 4048 1353 4104 ho·

154 4144 332 4201 nestiorem.
378 4142 461 4214 Quid
479 4142 560 4200 enim
576 4143 624 4199 his
641 4142 748 4200 melius
764 4142 825 4199 dici
842 4146 964 4217 potest?
1363 4172 1400 4229 35

366 4243 547 4300 “Luxuriae
562 4243 640 4300 rictu
656 4242 766 4299 Martis
783 4254 920 4301 marcent
936 4245 1066 4302 moenia.

364 4344 432 4399 Tuo
448 4343 552 4416 palato
567 4342 691 4400 clausus
707 4361 785 4417 pavo
802 4343 938 4416 pascitur

367 4443 507 4499 Plumato
523 4443 652 4499 amictus
669 4461 761 4500 aureo
779 4442 976 4520 Babylonico

337 4556 340 4559 ’
364 4542 488 4600 Gallina
503 4542 558 4600 tibi
575 4542 747 4613 Numidica,
765 4543 821 4601 tibi
836 4544 936 4619 gallus
952 4545 1070 4619 spado;

365 4643 494 4701 Ciconia
510 4644 610 4714 etiam,
627 4654 714 4719 grata
729 4644 890 4719 peregrina
906 4645 1029 4719 hospita

365 4743 586 4802 Pietaticultrix
600 4743 764 4819 gracilipes
780 4744 964 4801 crotalistria
