3217 5417
726 544 742 603 5

175 713 218 768 ΙΙ.
265 712 489 770 Laudationem
511 712 660 770 ferculum
677 721 725 770 est
739 711 913 769 insecutum
935 711 1026 785 plane
1039 728 1102 766 non
1114 726 1169 783 pro
1191 719 1329 783 expecta-

127 810 214 869 tione
231 830 392 887 magnum;
417 812 538 870 novitas
554 822 656 870 tamen
672 812 808 870 omnium
823 810 974 870 convertit
989 810 1103 867 oculos
1149 808 1328 866 Rotundum

127 909 213 967 enim
236 911 451 986 repositorium
474 912 637 970 duodecim
660 912 795 969 habebat
811 911 899 986 signa
915 910 946 967 in
962 909 1035 968 orbe
1059 908 1218 984 disposita,
1237 892 1329 983 super

127 1029 210 1085 quae
227 1010 382 1086 proprium
399 1012 694 1088 convenientemque
707 1010 852 1069 materiae
865 1019 995 1068 structor
1010 1009 1199 1084 imposuerat
1208 1007 1328 1066 cibum:

128 1129 225 1186 super
241 1111 366 1169 arietem
383 1112 463 1176 cicer
479 1112 650 1181 arietinum,
668 1129 761 1187 super
776 1120 897 1167 taurum
921 1110 1054 1167 bubulae
1076 1110 1217 1179 frustum,
1236 1127 1329 1183 super
1360 1135 1376 1194 5

129 1210 273 1285 geminos
296 1210 406 1282 rieneS,
423 1230 516 1287 super
538 1230 684 1269 cancrum
707 1229 862 1280 coronam,
887 1229 979 1284 super
1001 1210 1120 1267 leonem
1143 1210 1234 1266 ficum
1250 1208 1330 1266 Afri-

128 1328 251 1381 canam,
269 1329 362 1385 super
384 1310 492 1368 libram
509 1320 654 1369 stateram
671 1311 702 1367 in
718 1310 804 1368 cuius
821 1310 916 1368 altera
932 1319 1024 1386 parte
1047 1308 1184 1367 scriblita
1206 1318 1279 1380 erat,
1297 1309 1329 1365 in

127 1410 226 1468 altera
249 1410 401 1485 placenta,
419 1430 512 1485 super
534 1411 728 1486 scorpionem
752 1410 933 1486 pisciculum
956 1410 1116 1480 marinum,
1130 1428 1223 1484 super
1238 1409 1328 1486 sagit-

127 1509 240 1566 tarium
257 1511 439 1586 oclopetam,
457 1529 550 1585 super
564 1511 777 1586 capricornum
793 1510 943 1568 locustam
960 1509 1118 1582 marinam,
1130 1529 1221 1585 super
1237 1529 1328 1585 aqua-

127 1610 207 1666 rium
232 1629 382 1682 anserem,
401 1630 494 1685 super
516 1611 618 1686 pisces
633 1611 712 1669 duos
728 1610 848 1668 mullos,
895 1612 933 1667 In
948 1610 1049 1668 medio
1073 1620 1175 1669 autem
1198 1629 1328 1685 caespes
1341 1637 1379 1673 10

127 1729 198 1767 cum
209 1711 315 1768 herbis
330 1710 452 1769 excisus
462 1712 566 1769 favum
580 1712 760 1770 sustinebat.
807 1710 1052 1769 Circumferebat
1068 1711 1241 1788 Aegyptius
1253 1730 1328 1786 puer

127 1811 253 1868 clibano
269 1821 415 1887 argenteo
438 1830 550 1886 panem
567 1822 659 1888 atque
675 1812 742 1887 ipse
757 1813 850 1871 etiam
874 1812 1049 1870 taeterrima
1072 1831 1149 1870 voce
1164 1812 1204 1870 de
1221 1814 1329 1870 Laser-

127 1909 256 1985 piciario
278 1910 372 1968 mimo
395 1911 550 1968 canticum
573 1912 708 1969 extorsit
767 1913 834 1969 Nos
857 1921 890 1970 ut
911 1912 1062 1970 tristiores
1085 1912 1126 1970 ad
1156 1921 1219 1970 tam
1249 1912 1327 1970 viles

127 2010 318 2068 accessimus
334 2010 430 2082 cibos
449 2011 584 2069 ‘suadeo
597 2012 603 2036 ’
619 2011 719 2087 inquit
733 2011 921 2069 Trimalchio
938 2018 1123 2083 ‘cenemus3
1147 2013 1206 2070 hoc
1222 2012 1328 2071 estius

126 2130 233 2169 cenae.
280 2112 369 2169 Haec
386 2120 419 2169 ut
434 2111 519 2182 dixit,
537 2111 578 2168 ad
593 2111 807 2188 symphoniam
824 2121 970 2187 quattuor
985 2113 1191 2187 tripudiantes
1206 2131 1376 2192 procur-15

124 2220 232 2269 rerunt
262 2211 512 2287 superioremque
535 2221 653 2286 partem
682 2212 855 2287 repositorii
878 2212 1079 2271 abstulerunt.
1139 2212 1211 2286 Quo
1241 2213 1326 2271 facto

126 2311 270 2370 videmus
283 2312 363 2369 infra
380 2310 511 2389 [scilicet
526 2313 557 2369 in
573 2313 669 2370 altero
683 2312 814 2392 ferculo]
831 2312 928 2370 altilia
943 2323 974 2371 et
989 2313 1111 2371 sumina
1127 2314 1328 2389 leporemque

125 2412 155 2469 in
168 2412 274 2470 medio
289 2412 391 2487 pinnis
403 2413 613 2484 subornatum,
630 2422 661 2471 ut
676 2414 814 2488 Pegasus
826 2412 988 2471 videretur.
1033 2414 1217 2472 Notavimus
1233 2415 1327 2472 etiam

125 2513 210 2571 circa
226 2513 358 2589 angulos
373 2513 547 2588 repositorii
563 2514 708 2590 Marsyas
730 2522 883 2589 quattuor,
900 2523 931 2571 et
945 2532 1052 2588 garum
1075 2512 1248 2589 piperatum
1264 2533 1329 2572 cur-

125 2613 215 2672 rebat
231 2633 324 2689 super
340 2614 451 2690 pisces,
469 2613 521 2689 qui
536 2622 683 2689 tanquam
699 2614 731 2670 in
746 2613 853 2688 euripo
875 2614 1032 2672 natabant.
1078 2615 1197 2672 Damus
1219 2631 1327 2673 omnes
1338 2645 1378 2683 20

126 2715 270 2788 plausum
287 2733 305 2771 a
319 2713 437 2771 familia
460 2714 614 2788 inceptum
627 2723 659 2771 et
672 2732 722 2772 res
738 2713 941 2771 electissimas
963 2714 1100 2772 ridentes
1123 2714 1326 2791 aggredimur.

127 2816 200 2873 Non
218 2814 318 2872 minus
334 2823 365 2872 et
380 2813 569 2892 Trimalchio
591 2813 744 2872 eiusmodi
756 2813 914 2872 methodio
937 2815 1035 2872 laetus
1052 2815 1193 2889 ‘Carpe’
1218 2815 1325 2890 inquit.

128 2914 286 2973 Processit
308 2915 412 2972 statim
435 2914 550 2972 scissor
564 2924 595 2973 et
611 2914 650 2971 ad
665 2914 881 2991 symphoniam
903 2914 1104 2991 gesticulatus
1120 2915 1163 2972 ita
1179 2915 1327 2974 laceravit

124 3015 303 3087 obsonium,
342 3025 375 3073 ut
412 3024 537 3090 putares
567 3015 757 3074 essedarium
794 3015 943 3092 hydraule
979 3024 1124 3073 cantante
1175 3034 1325 3093 pugnare.

127 3116 296 3192 Ingerebat
312 3116 408 3173 nihilo
424 3116 525 3173 minus
540 3115 729 3174 Trimalchio
745 3116 917 3174 lentissima
932 3135 1028 3174 voce:
1053 3122 1060 3148 ‘
1074 3118 1186 3191 Carpe,
1204 3117 1326 3192 Carpe.'
1337 3143 1353 3179 2
1358 3141 1374 3199 5

129 3218 206 3292 Ego,
223 3216 401 3291 suspicatus
417 3215 456 3273 ad
469 3215 603 3291 aliquam
620 3216 827 3275 urbanitatem
848 3216 963 3274 totiens
979 3216 1120 3274 iteratam
1136 3235 1245 3275 vocem
1261 3236 1326 3292 per-

126 3316 234 3388 tinere,
252 3335 314 3373 non
331 3316 441 3375 erubui
456 3335 527 3374 eum
539 3316 591 3392 qui
608 3335 700 3391 supra
716 3334 764 3374 me
780 3317 992 3386 accumbebat,
1009 3317 1069 3375 hoc
1084 3317 1186 3391 ipsum
1202 3317 1327 3375 interro
1359 3355 1364 3372 .

124 3435 208 3492 gare.
254 3419 297 3474 At
312 3417 372 3489 ille,
390 3416 443 3492 qui
458 3416 583 3493 saepius
606 3416 758 3474 eiusmodi
773 3415 864 3474 ludos
880 3425 1081 3491 spectaverat,
1100 3417 1207 3475 ‘vides
1222 3417 1325 3475 illum'

124 3517 225 3592 inquit
256 3518 327 3592 ‘qui
356 3517 519 3576 obsonium
549 3517 667 3593 carpit:
712 3518 833 3592 Carpus
862 3526 997 3575 vocatur.
1053 3519 1163 3591 Itaque
1193 3518 1326 3593 quoties-

125 3636 249 3693 cunque
264 3618 339 3676 dicit
364 3624 381 3650 “
393 3618 525 3693 Carpe‚''
540 3617 649 3676 eodem
665 3618 760 3676 verbo
776 3626 807 3675 et
822 3625 912 3675 vocat
925 3626 956 3674 et
967 3616 1118 3692 imperat!
1335 3639 1376 3695 30

166 3721 241 3777 Non
263 3718 350 3794 potui
371 3719 505 3794 amplius
528 3719 693 3793 quicquam
716 3726 848 3794 gustare,
872 3716 927 3775 sed
950 3735 1118 3775 conversus
1140 3717 1275 3790 adeum,
1293 3729 1327 3776 ut

125 3838 218 3894 quam
234 3819 367 3894 plurima
376 3819 559 3894 exciperem,
577 3820 667 3894 longe
682 3836 841 3876 accersere
856 3816 978 3874 fabulas
994 3818 1082 3893 coepi
1098 3817 1321 3894 sciscitarique‚

127 3937 206 3993 quae
229 3929 314 3978 esset
336 3919 446 3977 mulier
467 3919 528 3990 illa,
552 3937 631 3994 quae
653 3918 713 3976 huc
735 3927 829 3992 atque
852 3917 924 3974 illuc
946 3916 1139 3975 discurreret„
1197 3919 1325 3976 ‘Uxor'

126 4017 226 4094 inquit
258 4018 525 4088 ‘Trimalchionis
551 4020 718 4076 Fortunata
748 4017 928 4092 appellatur,
953 4035 1031 4092 quae
1053 4035 1196 4076 nummos
1221 4018 1326 4076 modio

127 4120 259 4177 metitur.
306 4121 344 4176 Et
366 4119 468 4190 mod0‚
500 4119 592 4176 modo
622 4117 696 4194 quid
724 4117 805 4175 fuit?
849 4119 993 4193 Ignoscet
1016 4117 1089 4173 mihi
1112 4118 1221 4193 genius
1243 4129 1323 4190 tuus,
1334 4148 1373 4208 35

127 4219 280 4277 noluisses
296 4219 334 4278 de
351 4238 445 4277 manu
461 4219 541 4277 illius
557 4238 669 4294 panem
685 4218 834 4293 accipere.
865 4219 965 4287 Nunc,
983 4235 1040 4275 nec
1056 4217 1130 4293 quid
1146 4236 1203 4276 nec
1218 4238 1323 4295 quare,

127 4318 157 4376 in
180 4318 300 4378 caelum
324 4319 400 4377 abiit
414 4330 445 4378 et
467 4318 706 4376 Trimalchionis
728 4327 858 4392 topanta
879 4326 935 4375 est.
982 4316 1031 4374 Ad
1053 4335 1215 4389 summam,
1239 4337 1325 4378 mero

128 4419 255 4479 meridie
272 4419 297 4477 si
313 4419 424 4478 dixerit
439 4419 482 4477 illi
497 4419 642 4478 tenebras
657 4437 734 4489 esse,
752 4417 865 4475 credet.
911 4418 983 4492 Ipse
999 4417 1097 4475 nescit
1110 4418 1184 4493 quid
1200 4419 1322 4492 habeat,

128 4519 207 4579 adeo
223 4519 367 4595 saplutus
383 4530 447 4591 est;
472 4519 528 4578 sed
536 4519 612 4576 haec
628 4517 759 4594 lupatria
774 4516 916 4592 providet
930 4517 1034 4574 omnia
1044 4527 1074 4574 et
1086 4518 1138 4576 ubi
1150 4537 1212 4576 non
1224 4530 1323 4594 putes.

339 4641 358 4692 4
