3217 5417
848 568 886 606 20

271 740 303 786 ut
333 731 516 788 vestimenta
546 730 611 787 eius
641 731 799 788 tollerem:
824 707 875 786 illa
899 741 999 787 autem
1024 729 1146 805 lapidea
1168 730 1249 786 facta
1272 739 1352 787 sunt.
1405 729 1470 802 Qui

272 831 346 887 mori
363 831 472 888 timore
488 829 545 886 nisi
562 833 641 905 ego?
686 829 829 888 Gladium
860 840 962 887 tamen
979 829 1085 887 strinxi
1102 839 1132 887 et
1149 830 1178 885 in
1195 839 1258 886 tota
1274 829 1323 886 via
1340 829 1467 886 umbras

270 930 376 1001 cecidi,
393 930 492 987 donec
508 929 546 986 ad
562 929 664 986 villam
682 930 798 987 amicae
823 948 908 987 meae
932 930 1131 1004 pervenirem.
1179 930 1221 986 Ut
1237 929 1320 986 larva
1344 928 1466 998 intravi,

270 1048 368 1104 paene
385 1029 517 1087 animam
533 1029 666 1100 ebullivi,
684 1031 779 1087 sudor
794 1030 868 1086 mihi
884 1029 1016 1098 volabat,
1031 1029 1112 1087 oculi
1128 1029 1248 1098 mortui,
1265 1029 1314 1085 vix
1331 1047 1467 1103 unquam

221 1155 236 1212 5
270 1131 403 1189 refectus
420 1149 495 1188 sum.
530 1129 660 1187 Melissa
676 1148 743 1187 mea
759 1130 861 1186 mirari
877 1130 986 1204 coepit,
1004 1130 1087 1204 quod
1104 1140 1164 1187 tam
1182 1148 1250 1187 sero
1266 1129 1466 1198 ambularem,

270 1241 300 1288 et
317 1230 373 1288 “si
389 1240 459 1288 ante
473 1230 602 1305 ”inquit
618 1229 791 1299 “venisses,
818 1230 925 1288 saltem
950 1230 1039 1287 nobis
1062 1231 1255 1299 adiutasse53
1279 1230 1369 1304 lupus
1384 1229 1467 1286 enim

270 1331 373 1388 villam
397 1331 521 1388 intravit
536 1340 567 1388 et
583 1330 685 1388 omnia
707 1349 819 1405 pecora
835 1332 967 1404 perculit,
992 1340 1138 1404 tanquam
1161 1330 1261 1386 lanius
1285 1329 1467 1404 sanguinem

270 1431 330 1488 illis
347 1430 436 1488 misit.
482 1432 548 1489 Nec
571 1441 674 1488 tamen
697 1431 813 1493 derisit,
830 1431 923 1488 etiam
953 1431 979 1488 si
1004 1431 1101 1506 fugit,
1126 1449 1234 1488 servus
1256 1429 1338 1487 enim
1362 1439 1468 1487 noster

260 1515 379 1589 'lancea
394 1531 504 1588 collum
521 1532 588 1588 eius
605 1531 753 1588 traiecit.''
798 1533 887 1589 Haec
905 1540 936 1587 ut
951 1531 1062 1600 audivi,
1080 1530 1198 1605 operire
1214 1531 1319 1588 oculos
1336 1530 1469 1604 amplius

225 1657 260 1693 10
272 1650 333 1689 non
351 1632 445 1706 potui,
463 1630 518 1688 sed
534 1631 602 1689 luce
618 1630 699 1688 clara
715 1631 774 1688 Gai
791 1632 886 1689 nostri
911 1631 1034 1689 domum
1050 1631 1115 1706 fugi
1131 1641 1277 1706 tanquam
1295 1649 1373 1705 copo
1387 1649 1468 1687 com-

272 1732 393 1808 pilatus,
411 1741 441 1788 et
457 1741 619 1806 postquam
644 1732 713 1789 veni
730 1732 761 1788 in
778 1732 861 1788 illum
880 1732 987 1802 locum,
1006 1733 1114 1807 inquo
1138 1730 1260 1806 lapidea
1283 1730 1468 1788 vestimenta

271 1842 359 1890 erant
374 1832 467 1903 facta,
486 1832 560 1888 nihil
577 1832 679 1889 inveni
695 1832 753 1888 nisi
770 1832 961 1908 sanguinem.
1006 1833 1050 1890 Ut
1066 1850 1138 1889 vero
1154 1832 1278 1889 domum
1295 1830 1373 1902 veni,
1391 1831 1469 1888 iace-

272 1932 325 1989 bat
341 1932 429 1989 miles
446 1950 532 1989 meus
549 1931 671 1989 inlecto
687 1941 834 2006 tanquam
851 1932 949 2001 bovis,
963 1941 993 1989 et
1004 1931 1116 1989 collum
1134 1931 1213 1989 illius
1230 1931 1368 1989 medicus
1383 1949 1470 1987 cura-

275 2033 336 2090 bat.
383 2031 526 2090 Intellexi
557 2032 640 2088 illum
672 2032 866 2107 versipellem
892 2051 969 2101 esse,
988 2050 1045 2089 nec
1061 2041 1168 2106 postea
1191 2051 1259 2089 cum
1283 2031 1335 2089 illo
1358 2050 1468 2106 panem

225 2153 257 2211 15
271 2143 393 2208 gustare
409 2132 502 2207 potui,
522 2151 582 2189 non
600 2132 625 2189 si
641 2151 688 2190 me
705 2132 883 2190 occidisses,
929 2131 1070 2189 Viderint
1085 2132 1135 2188 alii
1158 2132 1232 2206 quid
1248 2132 1286 2189 de
1302 2133 1360 2189 hoc
1376 2150 1466 2205 exop

271 2232 400 2289 inissent
414 2256 420 2302 ;
444 2251 501 2307 ego
519 2231 542 2287 si
560 2232 697 2301 mentior,
714 2232 823 2307 genios
839 2241 957 2289 vestros
970 2231 1064 2289 iratos
1079 2231 1231 2289 habeam’

315 2332 461 2390 Attonitis
478 2332 679 2389 admiratione
703 2331 855 2389 universis
883 2333 1002 2389 ‘salvo’
1021 2332 1118 2406 inquit
1135 2341 1205 2389 ‘tuo
1228 2332 1386 2389 sermone'
1403 2332 1468 2387 Tri-

272 2433 404 2490 malchio
421 2433 456 2489 ‘si
472 2451 532 2507 qua
544 2433 621 2490 fides
637 2444 692 2503 est,
708 2430 766 2512 [ut]
780 2432 854 2488 mihi
870 2432 922 2506 pili
939 2432 1162 2502 inhorruerunt,
1180 2432 1253 2505 quia
1262 2432 1326 2490 scio
1342 2431 1467 2489 Nicero

272 2552 340 2590 nem
358 2533 433 2588 nihil
457 2551 605 2608 nugarum
636 2550 779 2590 narrare:
803 2532 897 2590 immo
926 2541 1028 2591 certus
1044 2541 1091 2590 est
1106 2541 1136 2589 et
1152 2531 1275 2589 minime
1298 2531 1464 2607 linguosus

222 2655 261 2692 20
273 2636 353 2691 Nam
376 2645 405 2692 et
428 2634 494 2708 ipse
517 2633 605 2691 vobis
638 2652 700 2690 rem
739 2633 915 2691 horribilem
955 2634 1092 2690 narrabo
1153 2632 1268 2689 Asinus
1290 2632 1321 2689 in
1343 2632 1465 2708 tegulis,

273 2735 350 2792 Cum
367 2735 469 2792 adhuc
485 2735 646 2808 capillatus
662 2752 772 2804 essem,
791 2753 860 2790 nam
878 2752 1003 2808 apuero
1020 2733 1111 2790 vitam
1130 2732 1239 2791 Chiam
1254 2733 1345 2808 gessi,
1364 2732 1466 2807 ipsimi

271 2835 368 2893 nostri
384 2835 535 2892 delicatus
551 2834 693 2904 decessit,
712 2834 903 2892 mehercules
920 2833 1123 2909 margaritum,
1138 2834 1274 2890 caecitus
1285 2843 1314 2891 et
1330 2833 1465 2890 omnium

271 2953 440 2992 numerum.
485 2936 562 2992 Cum
586 2953 658 3010 ergo
675 2934 758 2991 illum
776 2943 873 2991 mater
889 2934 1007 2991 misella
1030 2935 1189 3009 plangeret
1204 2943 1235 2991 et
1249 2952 1306 2991 nos
1323 2943 1387 2990 tum
1404 2933 1468 3007 plu-

271 3034 365 3092 resin
382 3034 567 3091 tristimonio
583 3053 730 3104 essemus,
749 3033 851 3091 subito
867 3034 981 3110 strigae
996 3036 1118 3091 stridere
1130 3043 1316 3110 coeperunt;
1340 3043 1464 3108 putares

222 3155 236 3192 2
242 3154 257 3211 5
271 3153 377 3192 canem
396 3135 530 3209 leporem
547 3134 698 3209 persequi.
746 3134 950 3192 Habebamus
965 3143 1037 3192 tunc
1054 3135 1209 3192 hominem
1233 3134 1462 3209 Cappadocem,

271 3235 405 3311 longum,
423 3235 513 3293 valde
529 3234 712 3292 audaculum
729 3244 759 3292 et
775 3234 828 3309 qui
844 3235 983 3293 valebat:
1008 3245 1127 3309 poterat
1142 3236 1252 3292 bovem
1276 3234 1386 3292 iratum
1402 3235 1467 3292 toll-

270 3354 330 3393 ere.
377 3335 438 3393 Hic
454 3335 601 3394 audacter
616 3334 722 3393 stricto
748 3335 852 3410 gladio
868 3345 952 3392 extra
969 3335 1080 3392 ostium
1110 3335 1311 3411 procucurrit,
1329 3335 1466 3392 involuta

271 3435 395 3494 sinistra
412 3455 504 3493 manu
520 3436 648 3504 curiose,
667 3446 697 3494 et
713 3435 870 3493 mulierem
887 3435 1020 3492 mediam
1035 3435 1162 3493 traiecit.
1208 3435 1361 3493 Audimus
1376 3436 1466 3511 gemi-

270 3546 344 3607 tum,
362 3547 392 3594 et
408 3537 499 3611 plane
516 3556 577 3593 non
601 3536 738 3606 mentiar,
756 3535 842 3610 ipsas
864 3554 925 3593 non
949 3535 1091 3593 vidimus.
1138 3538 1216 3593 Baro
1239 3545 1340 3593 autem
1364 3546 1466 3593 noster

220 3636 460 3709 3ointr0versus
476 3655 508 3694 se
532 3637 660 3711 proiecit
683 3636 713 3692 in
744 3636 866 3706 lectum,
883 3645 914 3694 et
929 3654 1040 3710 corpus
1062 3644 1158 3693 totum
1183 3636 1309 3693 lividum
1333 3636 1466 3694 habebat

271 3737 360 3812 quasi
377 3736 507 3812 flagellis
523 3755 640 3806 caesus
658 3736 729 3811 quia
746 3736 864 3794 scilicet
879 3735 963 3792 illum
979 3736 1122 3811 tetigerat
1137 3737 1217 3793 mala
1235 3754 1353 3794 manus.
1400 3738 1464 3793 Nos

270 3838 357 3896 cluso
374 3837 453 3895 ostio
476 3837 611 3895 redimus
641 3837 749 3894 iterum
767 3836 806 3893 ad
822 3836 963 3906 officium,
982 3836 1037 3893 sed
1060 3855 1128 3893 cum
1159 3845 1256 3894 mater
1278 3837 1465 3912 amplexaret

270 3956 381 4012 corpus
411 3937 464 3994 filii
488 3938 543 4008 sui,
576 3936 673 4013 tangit
688 3946 718 3994 et
734 3937 818 3994 videt
842 3937 1048 3994 manuciolum
1073 3937 1111 3994 de
1134 3937 1311 3994 stramentis
1339 3937 1462 3994 iactum.

270 4041 342 4096 Non
357 4057 410 4095 cor
427 4038 568 4108 habebat,
586 4056 648 4095 non
665 4037 818 4108 intestina,
837 4056 899 4094 non
922 4037 1105 4112 quicquam:
1129 4036 1247 4095 scilicet
1263 4038 1322 4094 iam
1335 4055 1461 4112 puerum

219 4152 256 4211 35
270 4137 382 4214 strigae
419 4137 630 4195 involaverant
666 4147 697 4195 et
730 4146 956 4211 supposuerant
992 4137 1235 4195 stramenticium
1271 4147 1461 4195 vavatonem.

271 4240 360 4314 Rogo
375 4257 439 4307 voS,
457 4248 578 4312 oportet
600 4237 743 4308 credatis,
761 4247 833 4295 sunt
849 4237 992 4296 mulieres
1015 4237 1177 4312 plussciae,
1196 4248 1267 4295 sunt
1282 4248 1456 4306 nocturnae,

270 4348 299 4396 et
315 4338 398 4413 quod
414 4356 534 4394 sursum
551 4348 605 4408 est,
624 4338 766 4395 deorsum
782 4337 909 4394 faciunt.
956 4340 1098 4396 Ceterum
1115 4338 1191 4395 baro
1203 4337 1253 4395 ille
1270 4339 1379 4413 longus
1395 4346 1462 4412 post

270 4439 327 4496 hoc
342 4438 457 4495 factum
475 4456 631 4511 nunquam
648 4438 759 4495 coloris
776 4438 823 4495 sui
839 4437 905 4507 luit,
925 4437 1017 4494 immo
1030 4447 1100 4512 post
1116 4456 1231 4513 paucos
1247 4437 1315 4494 dies
1331 4438 1458 4512 phrene-

269 4539 347 4596 ticus
363 4538 472 4612 periit'

220 4653 258 4704 40
311 4638 460 4696 Miramur
483 4657 539 4696 nos
569 4648 599 4696 et
615 4637 728 4713 pariter
749 4638 911 4708 credimus,
936 4637 1128 4712 osculatique
1159 4656 1296 4695 mensam
1320 4655 1459 4713 rogamus

270 4742 454 4809 Nocturnas
473 4749 505 4796 ut
521 4738 584 4796 suis
598 4740 711 4795 sedibus
725 4757 758 4796 se
773 4746 908 4807 teneant,
926 4738 998 4795 dum
1015 4738 1150 4803 redimus
1166 4756 1183 4794 a
1199 4756 1284 4795 cena.
