3217 5417
717 572 750 626 ¹3

131 733 304 808 Despolia’
350 735 420 789 Non
437 730 471 789 fit
487 750 579 795 mora,
594 730 783 804 despoliatur
806 748 899 786 cocus
914 739 1005 803 atque
1018 728 1096 785 inter
1107 728 1186 785 duos
1198 738 1327 786 tortores

130 843 270 891 moestus
307 832 457 889 consistit.
518 830 684 905 Deprecari
707 839 810 887 tamen
835 847 942 885 omnes
965 837 1132 902 coeperunt
1154 837 1184 884 et
1206 827 1326 885 dicere:

129 934 230 991 ‘solet
246 932 330 1003 fieri;
354 950 507 1007 rogamus,
539 932 659 1000 mittas3
683 940 792 1004 postea
808 930 834 986 si
849 929 966 997 fecerit,
998 946 1089 985 nemo
1112 936 1248 985 nostrum
1272 946 1327 1002 pro

128 1034 182 1090 illo
200 1031 327 1107 rogabit.
361 1034 433 1107 Ego,
451 1031 682 1089 crudelissimae
698 1030 881 1098 severitatis,
899 1047 960 1085 non
976 1028 1061 1103 potui
1078 1047 1125 1085 me
1142 1037 1254 1098 tenere,
1272 1029 1327 1086 sed

127 1133 296 1191 inclinatus
311 1133 350 1189 ad
366 1151 470 1189 aurem
488 1130 730 1207 Agamemnonis
748 1130 857 1204 ‘plane
871 1131 877 1153 ’
890 1128 1015 1204 inquam
1030 1128 1096 1186 ‘hic
1113 1128 1204 1186 debet
1220 1148 1326 1187 servus
1359 1150 1374 1207 5

125 1253 197 1292 esse
221 1233 447 1308 nequissimus3
471 1232 582 1306 aliquis
605 1231 837 1289 oblivisceretur
874 1249 998 1305 porcum
1023 1230 1218 1288 exinterare?
1262 1250 1325 1288 non

127 1333 321 1391 mehercules
337 1333 379 1389 illi
396 1334 595 1408 ignoscerem,
612 1332 637 1389 si
654 1332 770 1406 piscem
800 1331 1018 1405 praeterisset)
1064 1334 1105 1388 At
1120 1350 1182 1388 non
1198 1331 1327 1388 Trimal-

126 1435 208 1505 chio,
226 1434 278 1510 qui
295 1435 430 1492 relaxato
447 1434 477 1490 in
493 1433 679 1490 hilaritatem
695 1431 780 1490 vultu
798 1434 906 1508 ‘ergo’
924 1432 1022 1507 inquit
1039 1432 1128 1508 ‘quia
1150 1442 1210 1489 tam
1228 1433 1326 1490 malae

59 1556 61 1560 ’
127 1535 294 1593 memoriae
324 1553 366 1604 (τε,
391 1534 492 1609 palam
517 1534 607 1591 nobis
630 1533 712 1589 illum
737 1533 895 1591 exintera’
948 1535 1085 1606 Recepta
1108 1550 1201 1590 cocus
1224 1532 1326 1590 tunica

126 1635 259 1693 cultrum
283 1634 412 1708 arripuit
445 1634 592 1709 porcique
624 1643 761 1691 ventrem
785 1633 857 1691 hinc
880 1642 972 1707 atque
995 1632 1079 1689 illinc
1102 1631 1209 1689 timida
1232 1651 1326 1690 manu
1341 1649 1376 1686 10

126 1736 237 1793 secuit.
283 1737 311 1791 N
315 1754 349 1792 ec
365 1753 459 1805 mora,
477 1754 514 1792 ex
530 1734 628 1809 plagis
644 1733 790 1808 ponderis
806 1732 1005 1790 inclinatione
1028 1732 1237 1790 crescentibus
1254 1742 1326 1790 tom-

127 1835 217 1893 acula
233 1854 303 1892 cum
319 1834 434 1892 botulis
449 1832 547 1892 effusa
564 1843 642 1892 sunt.

171 1936 319 1992 Plausum
336 1945 406 2010 post
421 1935 481 1992 hoc
496 1944 686 1992 automatum
702 1933 818 1990 familia
834 1933 919 1990 dedit
935 1943 965 1990 et
982 1932 1077 1990 ‘Gaio
1092 1932 1222 1990 feliciter
1236 1934 1241 1956 ’
1257 1952 1327 1990 con-

126 2035 285 2094 clamavit.
331 2037 398 2092 Nec
414 2053 476 2092 non
492 2053 586 2092 cocus
602 2034 727 2109 potione
743 2034 912 2091 honoratus
928 2043 975 2090 est
990 2044 1021 2090 et
1036 2044 1179 2108 argentea
1202 2053 1324 2102 corona,

127 2136 337 2212 poculumque
361 2135 391 2192 in
415 2135 502 2192 lance
525 2135 645 2209 accepit
668 2133 837 2192 Corinthia.
896 2133 997 2206 Quam
1019 2152 1088 2191 cum
1112 2136 1325 2208 Agamemnon
1341 2146 1374 2203 15

127 2236 258 2312 propius
275 2236 494 2306 consideraret,
513 2236 555 2292 ait
570 2234 777 2292 Trimalchio:
802 2234 904 2292 ‘solus
920 2253 986 2291 sum
1004 2234 1056 2309 qui
1072 2253 1144 2291 vera
1161 2234 1327 2292 Corinthea

127 2338 283 2394 habeam!
331 2336 548 2410 Expectabam,
573 2344 606 2392 ut
629 2354 684 2410 pro
706 2335 824 2410 reliqua
848 2334 1012 2392 insolentia
1034 2334 1150 2392 diceret
1172 2335 1230 2392 sibi
1253 2354 1327 2393 vasa

127 2434 282 2495 Corintho
295 2436 405 2494 afferri.
432 2435 494 2493 Sed
509 2435 560 2493 ille
573 2436 701 2493 melius:
728 2443 774 2492 ‘et
789 2435 936 2492 forsitan'
954 2435 1052 2509 inquit
1069 2435 1216 2509 ‘quaeris‚
1232 2454 1327 2510 quare

126 2538 215 2595 solus
232 2531 400 2595 Corinthea
423 2555 495 2594 vera
519 2536 715 2611 possideam,
740 2536 813 2610 quia
839 2535 955 2593 scilicet
978 2534 1120 2606 aerariuS,
1138 2554 1156 2592 a
1172 2555 1233 2610 quo
1248 2555 1325 2607 emo,

126 2638 297 2696 Corinthus
333 2648 468 2695 vocatur.
528 2636 612 2710 Quid
642 2646 688 2695 est
712 2645 814 2694 autern
852 2636 1063 2708 Corintheum,
1096 2636 1154 2694 nisi
1178 2636 1247 2711 quis
1271 2639 1377 2695 Cozo

125 2738 263 2795 rinthum
302 2738 417 2796 habet?
462 2739 499 2794 Et
522 2756 561 2795 ne
584 2756 631 2794 me
668 2736 781 2811 putetis
814 2735 973 2811 nesapium
1006 2755 1084 2808 esse,
1123 2737 1211 2795 valde
1247 2737 1327 2795 bene

125 2838 203 2909 scio,
242 2839 324 2896 unde
361 2838 492 2913 primum
531 2837 699 2895 Corinthea
735 2846 807 2894 nata
844 2836 913 2894 sint.
958 2838 1037 2895 Cum
1076 2837 1164 2894 Ilium
1202 2847 1326 2913 captum

125 2949 184 3010 est,
225 2938 393 3010 Hannibal,
431 2939 523 2996 homo
560 2938 646 2995 vafer
681 2947 712 2995 et
748 2956 879 3009 magnus
923 2937 1020 3007 stelio,
1058 2956 1165 2995 omnes
1209 2947 1327 2997 statuas

125 3058 242 3098 aeneas
265 3048 295 3097 et
318 3058 427 3097 aureas
450 3047 480 3096 et
512 3048 674 3113 argenteas
706 3038 736 3093 in
768 3057 861 3094 unum
900 3057 1004 3113 rogum
1043 3039 1199 3112 congessit
1221 3049 1251 3097 et
1273 3059 1327 3097 eas

125 3138 283 3209 incendit;
321 3139 421 3197 factae
458 3148 530 3196 sunt
566 3137 596 3195 in
633 3157 727 3195 unum
765 3157 837 3195 aera
874 3138 1079 3196 miscellanea.
1139 3140 1188 3196 Ita
1210 3158 1247 3197 ex
1269 3140 1374 3225 hac25

126 3259 232 3298 massa
268 3240 349 3298 labri
385 3240 576 3298 sustulerunt
598 3249 630 3297 et
651 3239 792 3297 lecerunt
828 3239 932 3297 catilla
964 3248 995 3296 et
1016 3240 1200 3314 paropsides
1222 3249 1250 3296 et
1269 3251 1326 3298 sta-

126 3341 263 3399 tuncula.
310 3339 359 3398 Sic
383 3339 551 3398 Corinthea
581 3349 654 3397 nata
671 3349 750 3409 sunt,
769 3358 807 3396 ex
835 3339 979 3397 omnibus
1003 3340 1033 3395 in
1056 3359 1159 3410 unum,
1184 3358 1241 3398 nec
1263 3340 1324 3399 hoc

127 3461 187 3499 nec
211 3440 297 3498 illud.
344 3440 517 3516 Ignoscetis
550 3439 632 3512 mihi,
666 3439 749 3515 quod
772 3440 895 3497 dixero:
941 3458 998 3515 ego
1020 3439 1101 3496 malo
1124 3440 1197 3497 mihi
1221 3440 1324 3512 vitrea,

125 3550 212 3599 certe
242 3559 304 3598 non
334 3540 429 3598 olunt.
474 3540 568 3612 Quod
599 3540 626 3598 si
656 3558 717 3597 non
746 3540 968 3615 frangerentur,
993 3539 1113 3597 mallem
1138 3540 1211 3596 mihi
1234 3559 1325 3616 quam

128 3660 239 3699 aurum
254 3665 260 3712 ;
285 3659 366 3698 nunc
381 3649 483 3698 autem
499 3639 571 3696 vilia
588 3649 667 3698 sunt.
714 3640 782 3697 Fuit
797 3649 900 3697 tamen
916 3639 1003 3697 faber
1029 3640 1081 3714 qui
1096 3640 1169 3698 lecit
1191 3641 1325 3716 phialam
1336 3666 1377 3720 30

127 3741 267 3812 vitream,
293 3759 372 3815 quae
389 3759 450 3797 non
466 3739 672 3815 frangebatur.
719 3740 884 3797 Admissus
906 3758 979 3815 ergo
996 3741 1162 3822 Caesarem
1186 3750 1234 3798 est
1255 3760 1326 3799 cum

126 3860 185 3900 suo
201 3859 337 3911 munere,
354 3840 467 3898 deinde
483 3839 556 3898 lecit
568 3859 601 3897 se
614 3840 769 3915 porrigere
786 3839 914 3898 Caesari
930 3849 960 3898 et
972 3839 1053 3896 illam
1070 3840 1102 3897 in
1118 3841 1326 3916 pavimentum

126 3942 265 4018 proiecit.
312 3943 428 3999 Caesar
451 3959 514 3998 non
529 3950 600 4015 pote
624 3939 756 3998 validius
778 3958 870 4015 quam
894 3941 1026 4015 expavit.
1072 3943 1114 3998 At
1136 3941 1187 4000 ille
1204 3943 1327 4001 sustulit

126 4042 263 4118 phialam
281 4041 319 4099 de
335 4051 433 4112 terra,
456 4041 564 4098 collisa
579 4050 644 4098 erat
659 4050 807 4115 tanquam
825 4059 931 4098 vasum
948 4060 1079 4099 aeneum
1093 4065 1099 4111 ;
1123 4042 1235 4100 deinde
1252 4062 1327 4101 mar·

124 4142 234 4201 tiolum
266 4142 305 4200 de
335 4142 405 4199 sinu
434 4141 561 4216 protulit
577 4151 607 4199 et
623 4140 757 4216 phialam
781 4141 845 4199 otio
860 4141 941 4199 belle
963 4142 1103 4199 correxit.
1151 4144 1221 4201 Hoc
1242 4144 1374 4222 fact035

126 4242 259 4319 putabat
281 4260 314 4299 se
337 4241 447 4299 solium
471 4240 554 4298 Iovis
584 4250 697 4310 tenere,
723 4240 828 4315 utique
851 4250 1013 4316 postquam
1040 4243 1151 4299 Caesar
1165 4242 1207 4299 illi
1230 4243 1325 4302 dixit:

127 4342 307 4417 “numquid
331 4341 409 4399 alius
432 4341 489 4399 scit
511 4341 592 4398 hanc
628 4340 821 4398 condituram
858 4340 1076 4398 vitreorum?’'
1121 4342 1201 4400 Vide
1224 4345 1324 4403 modu.

127 4446 298 4519 Postquam
317 4441 449 4518 negavit,
466 4441 556 4499 iussit
579 4441 663 4498 illum
681 4442 797 4499 Caesar
818 4440 982 4499 decollari:
1027 4442 1099 4517 quia
1115 4444 1205 4514 enim,
1230 4444 1255 4501 si
1272 4445 1327 4503 sci·

123 4554 190 4602 tum
207 4551 299 4612 esset,
318 4561 425 4599 aurum
441 4560 496 4616 pro
512 4541 577 4598 luto
599 4541 792 4598 haberemus.
840 4543 876 4598 In
900 4551 1030 4617 argento
1053 4543 1145 4616 plane
1168 4544 1326 4603 studiosus

125 4661 204 4702 sum.
253 4642 367 4699 Habeo
390 4642 522 4718 scyphos
552 4641 675 4699 urnales
704 4640 953 4715 plusminusC:
998 4643 1235 4716 quemamodum
1254 4646 1377 4715 Cas-40

126 4743 243 4802 sandra
265 4741 377 4800 occidit
400 4742 480 4800 lilios
503 4760 584 4813 suos,
601 4751 632 4800 et
647 4740 734 4817 pueri
750 4742 861 4799 mortui
885 4741 986 4800 iacent
1000 4742 1045 4800 sic
1061 4752 1094 4801 ut
1110 4743 1211 4803 vivere
1227 4755 1325 4820 putes

342 4861 357 4918 S
