<?xml version="1.0" encoding="UTF-8"?>
<!DOCTYPE html PUBLIC "-//W3C//DTD XHTML 1.0 Transitional//EN"
    "http://www.w3.org/TR/xhtml1/DTD/xhtml1-transitional.dtd">
<html xmlns="http://www.w3.org/1999/xhtml" xml:lang="en" lang="en">
 <head>
  <title>
</title>
<meta http-equiv="Content-Type" content="text/html;charset=utf-8" />
  <meta name='ocr-system' content='tesseract 3.04.00' />
  <meta name='ocr-capabilities' content='ocr_page ocr_carea ocr_par ocr_line ocrx_word'/>
</head>
<body>
  <div class='ocr_page' id='page_1' title='image "./cenatrimalchion00crowgoog_0023.png"; bbox 0 0 3217 5417; ppageno 0'>
   <div class='ocr_carea' id='block_1_1' title="bbox 730 557 746 629">
    <p class='ocr_par' dir='ltr' id='par_1_1' title="bbox 730 557 746 629">
     <span class='ocr_line' id='line_1_1' title="bbox 730 557 746 629; baseline 0 0"><span class='ocrx_word' id='word_1_1' title='bbox 730 557 746 629; x_wconf 74' lang='grc'><strong><em>7</em></strong></span> 
     </span>
    </p>
   </div>
   <div class='ocr_carea' id='block_1_2' title="bbox 135 729 1391 4720">
    <p class='ocr_par' dir='ltr' id='par_1_2' title="bbox 135 729 1391 4720">
     <span class='ocr_line' id='line_1_2' title="bbox 137 729 1339 813; baseline 0.002 -21"><span class='ocrx_word' id='word_1_2' title='bbox 137 743 189 794; x_wconf 89' lang='lat' dir='ltr'>me</span> <span class='ocrx_word' id='word_1_3' title='bbox 212 736 326 812; x_wconf 90' lang='lat' dir='ltr'>putatis</span> <span class='ocrx_word' id='word_1_4' title='bbox 343 736 395 813; x_wconf 81' lang='lat' dir='ltr'>illa</span> <span class='ocrx_word' id='word_1_5' title='bbox 410 755 487 795; x_wconf 92' lang='lat' dir='ltr'>cena</span> <span class='ocrx_word' id='word_1_6' title='bbox 503 755 573 795; x_wconf 90' lang='lat' dir='ltr'>esse</span> <span class='ocrx_word' id='word_1_7' title='bbox 588 746 778 808; x_wconf 90' lang='lat' dir='ltr'>contentum,</span> <span class='ocrx_word' id='word_1_8' title='bbox 795 755 889 810; x_wconf 91' lang='lat' dir='ltr'>quam</span> <span class='ocrx_word' id='word_1_9' title='bbox 906 736 938 794; x_wconf 93' lang='lat' dir='ltr'>in</span> <span class='ocrx_word' id='word_1_10' title='bbox 952 736 1043 795; x_wconf 89' lang='lat' dir='ltr'>theca</span> <span class='ocrx_word' id='word_1_11' title='bbox 1058 735 1234 811; x_wconf 85' lang='lat' dir='ltr'>repositorii</span> <span class='ocrx_word' id='word_1_12' title='bbox 1257 729 1339 794; x_wconf 73' lang='lat' dir='ltr'>vide</span> 
     </span>
     <span class='ocr_line' id='line_1_3' title="bbox 136 835 1340 913; baseline -0.001 -19"><span class='ocrx_word' id='word_1_13' title='bbox 136 836 234 894; x_wconf 90' lang='lat' dir='ltr'>ratis?</span> <span class='ocrx_word' id='word_1_14' title='bbox 278 837 360 894; x_wconf 88' lang='lat' dir='ltr'>“Sic</span> <span class='ocrx_word' id='word_1_15' title='bbox 377 847 469 894; x_wconf 91' lang='lat' dir='ltr'>notus</span> <span class='ocrx_word' id='word_1_16' title='bbox 501 837 659 894; x_wconf 85' lang='lat' dir='ltr'>Vlixes?&#39;’</span> <span class='ocrx_word' id='word_1_17' title='bbox 682 836 757 912; x_wconf 94' lang='lat' dir='ltr'>quid</span> <span class='ocrx_word' id='word_1_18' title='bbox 779 855 853 913; x_wconf 90' lang='lat' dir='ltr'>ergo</span> <span class='ocrx_word' id='word_1_19' title='bbox 875 839 945 895; x_wconf 87' lang='lat' dir='ltr'>est?</span> <span class='ocrx_word' id='word_1_20' title='bbox 989 837 1120 911; x_wconf 87' lang='lat' dir='ltr'>Oportet</span> <span class='ocrx_word' id='word_1_21' title='bbox 1142 835 1234 894; x_wconf 89' lang='lat' dir='ltr'>etiam</span> <span class='ocrx_word' id='word_1_22' title='bbox 1258 836 1340 894; x_wconf 91' lang='lat' dir='ltr'>inter</span> 
     </span>
     <span class='ocr_line' id='line_1_4' title="bbox 136 936 1340 1013; baseline 0 -19"><span class='ocrx_word' id='word_1_23' title='bbox 136 937 315 995; x_wconf 89' lang='lat' dir='ltr'>cenandum</span> <span class='ocrx_word' id='word_1_24' title='bbox 330 936 529 1013; x_wconf 89' lang='lat' dir='ltr'>philologiam</span> <span class='ocrx_word' id='word_1_25' title='bbox 545 955 647 995; x_wconf 91' lang='lat' dir='ltr'>nosse.</span> <span class='ocrx_word' id='word_1_26' title='bbox 693 938 828 994; x_wconf 90' lang='lat' dir='ltr'>Patrono</span> <span class='ocrx_word' id='word_1_27' title='bbox 839 955 908 994; x_wconf 91' lang='lat' dir='ltr'>meo</span> <span class='ocrx_word' id='word_1_28' title='bbox 920 955 992 994; x_wconf 91' lang='lat' dir='ltr'>ossa</span> <span class='ocrx_word' id='word_1_29' title='bbox 1003 936 1083 994; x_wconf 91' lang='lat' dir='ltr'>bene</span> <span class='ocrx_word' id='word_1_30' title='bbox 1099 936 1270 1012; x_wconf 87' lang='lat' dir='ltr'>quiescant,</span> <span class='ocrx_word' id='word_1_31' title='bbox 1286 937 1340 1012; x_wconf 92' lang='lat' dir='ltr'>qui</span> 
     </span>
     <span class='ocr_line' id='line_1_5' title="bbox 137 1036 1340 1111; baseline 0.002 -18"><span class='ocrx_word' id='word_1_32' title='bbox 137 1055 188 1094; x_wconf 91' lang='lat' dir='ltr'>me</span> <span class='ocrx_word' id='word_1_33' title='bbox 203 1036 361 1095; x_wconf 90' lang='lat' dir='ltr'>hominem</span> <span class='ocrx_word' id='word_1_34' title='bbox 378 1038 457 1095; x_wconf 90' lang='lat' dir='ltr'>inter</span> <span class='ocrx_word' id='word_1_35' title='bbox 472 1037 614 1094; x_wconf 89' lang='lat' dir='ltr'>homines</span> <span class='ocrx_word' id='word_1_36' title='bbox 635 1036 732 1095; x_wconf 92' lang='lat' dir='ltr'>voluit</span> <span class='ocrx_word' id='word_1_37' title='bbox 747 1055 825 1094; x_wconf 89' lang='lat' dir='ltr'>esse.</span> <span class='ocrx_word' id='word_1_38' title='bbox 871 1037 951 1093; x_wconf 88' lang='lat' dir='ltr'>Nam</span> <span class='ocrx_word' id='word_1_39' title='bbox 968 1036 1042 1093; x_wconf 90' lang='lat' dir='ltr'>mihi</span> <span class='ocrx_word' id='word_1_40' title='bbox 1058 1037 1134 1092; x_wconf 88' lang='lat' dir='ltr'>nihil</span> <span class='ocrx_word' id='word_1_41' title='bbox 1150 1037 1221 1094; x_wconf 93' lang='lat' dir='ltr'>novi</span> <span class='ocrx_word' id='word_1_42' title='bbox 1238 1046 1340 1111; x_wconf 90' lang='lat' dir='ltr'>potest</span> 
     </span>
     <span class='ocr_line' id='line_1_6' title="bbox 138 1135 1387 1212; baseline 0 -18"><span class='ocrx_word' id='word_1_43' title='bbox 138 1136 254 1208; x_wconf 82' lang='lat' dir='ltr'>afferri,</span> <span class='ocrx_word' id='word_1_44' title='bbox 279 1137 359 1195; x_wconf 89' lang='lat' dir='ltr'>sicut</span> <span class='ocrx_word' id='word_1_45' title='bbox 382 1136 433 1195; x_wconf 93' lang='lat' dir='ltr'>ille</span> <span class='ocrx_word' id='word_1_46' title='bbox 454 1136 603 1195; x_wconf 82' lang='lat' dir='ltr'>fericulus</span> <span class='ocrx_word' id='word_1_47' title='bbox 625 1137 685 1193; x_wconf 90' lang='lat' dir='ltr'>iam</span> <span class='ocrx_word' id='word_1_48' title='bbox 708 1136 817 1194; x_wconf 88' lang='lat' dir='ltr'>habuit</span> <span class='ocrx_word' id='word_1_49' title='bbox 839 1136 965 1211; x_wconf 84' lang='lat' dir='ltr'>praxim.</span> <span class='ocrx_word' id='word_1_50' title='bbox 1011 1137 1126 1195; x_wconf 87' lang='lat' dir='ltr'>Caelus</span> <span class='ocrx_word' id='word_1_51' title='bbox 1141 1136 1199 1208; x_wconf 91' lang='lat' dir='ltr'>hic,</span> <span class='ocrx_word' id='word_1_52' title='bbox 1223 1135 1255 1193; x_wconf 91' lang='lat' dir='ltr'>in</span> <span class='ocrx_word' id='word_1_53' title='bbox 1278 1155 1340 1212; x_wconf 91' lang='lat' dir='ltr'>quo</span> <span class='ocrx_word' id='word_1_54' title='bbox 1371 1151 1387 1209; x_wconf 87' lang='lat'>5</span> 
     </span>
     <span class='ocr_line' id='line_1_7' title="bbox 139 1235 1341 1312; baseline -0.001 -17"><span class='ocrx_word' id='word_1_55' title='bbox 139 1238 304 1295; x_wconf 85' lang='lat' dir='ltr'>duodecim</span> <span class='ocrx_word' id='word_1_56' title='bbox 328 1237 371 1296; x_wconf 91' lang='lat' dir='ltr'>dii</span> <span class='ocrx_word' id='word_1_57' title='bbox 393 1236 543 1309; x_wconf 88' lang='lat' dir='ltr'>habitant,</span> <span class='ocrx_word' id='word_1_58' title='bbox 567 1238 598 1293; x_wconf 91' lang='lat' dir='ltr'>in</span> <span class='ocrx_word' id='word_1_59' title='bbox 620 1236 747 1295; x_wconf 89' lang='lat' dir='ltr'>totidem</span> <span class='ocrx_word' id='word_1_60' title='bbox 770 1256 803 1295; x_wconf 92' lang='lat' dir='ltr'>se</span> <span class='ocrx_word' id='word_1_61' title='bbox 819 1236 933 1312; x_wconf 84' lang='lat' dir='ltr'>figuras</span> <span class='ocrx_word' id='word_1_62' title='bbox 956 1237 1114 1307; x_wconf 80' lang='lat' dir='ltr'>convertit,</span> <span class='ocrx_word' id='word_1_63' title='bbox 1138 1246 1170 1294; x_wconf 93' lang='lat' dir='ltr'>et</span> <span class='ocrx_word' id='word_1_64' title='bbox 1191 1236 1285 1295; x_wconf 91' lang='lat' dir='ltr'>modo</span> <span class='ocrx_word' id='word_1_65' title='bbox 1307 1235 1341 1294; x_wconf 89' lang='lat' dir='ltr'>fit</span> 
     </span>
     <span class='ocr_line' id='line_1_8' title="bbox 139 1335 1340 1412; baseline 0.001 -19"><span class='ocrx_word' id='word_1_66' title='bbox 139 1338 229 1395; x_wconf 86' lang='lat' dir='ltr'>aries.</span> <span class='ocrx_word' id='word_1_67' title='bbox 276 1339 386 1412; x_wconf 90' lang='lat' dir='ltr'>ltaque</span> <span class='ocrx_word' id='word_1_68' title='bbox 409 1336 549 1412; x_wconf 90' lang='lat' dir='ltr'>quisquis</span> <span class='ocrx_word' id='word_1_69' title='bbox 572 1336 708 1394; x_wconf 90' lang='lat' dir='ltr'>nascitur</span> <span class='ocrx_word' id='word_1_70' title='bbox 723 1336 776 1394; x_wconf 91' lang='lat' dir='ltr'>illo</span> <span class='ocrx_word' id='word_1_71' title='bbox 791 1337 890 1412; x_wconf 90' lang='lat' dir='ltr'>signo,</span> <span class='ocrx_word' id='word_1_72' title='bbox 907 1336 1003 1394; x_wconf 87' lang='lat' dir='ltr'>multa</span> <span class='ocrx_word' id='word_1_73' title='bbox 1018 1355 1131 1411; x_wconf 91' lang='lat' dir='ltr'>pecora</span> <span class='ocrx_word' id='word_1_74' title='bbox 1145 1335 1248 1408; x_wconf 89' lang='lat' dir='ltr'>habet,</span> <span class='ocrx_word' id='word_1_75' title='bbox 1267 1338 1340 1394; x_wconf 90' lang='lat' dir='ltr'>mul·</span> 
     </span>
     <span class='ocr_line' id='line_1_9' title="bbox 139 1436 1339 1512; baseline -0.001 -17"><span class='ocrx_word' id='word_1_76' title='bbox 139 1448 204 1495; x_wconf 91' lang='lat' dir='ltr'>tum</span> <span class='ocrx_word' id='word_1_77' title='bbox 229 1438 328 1508; x_wconf 87' lang='lat' dir='ltr'>lanae,</span> <span class='ocrx_word' id='word_1_78' title='bbox 352 1446 445 1511; x_wconf 91' lang='lat' dir='ltr'>caput</span> <span class='ocrx_word' id='word_1_79' title='bbox 467 1445 627 1511; x_wconf 87' lang='lat' dir='ltr'>praeterea</span> <span class='ocrx_word' id='word_1_80' title='bbox 650 1436 769 1508; x_wconf 93' lang='lat' dir='ltr'>durum,</span> <span class='ocrx_word' id='word_1_81' title='bbox 793 1438 926 1494; x_wconf 79' lang='lat' dir='ltr'>frontem</span> <span class='ocrx_word' id='word_1_82' title='bbox 956 1436 1187 1512; x_wconf 80' lang='lat' dir='ltr'>expudoratam,</span> <span class='ocrx_word' id='word_1_83' title='bbox 1211 1456 1339 1495; x_wconf 90' lang='lat' dir='ltr'>cornum</span> 
     </span>
     <span class='ocr_line' id='line_1_10' title="bbox 139 1537 1340 1613; baseline 0 -17"><span class='ocrx_word' id='word_1_84' title='bbox 139 1548 274 1596; x_wconf 91' lang='lat' dir='ltr'>acutum.</span> <span class='ocrx_word' id='word_1_85' title='bbox 320 1537 447 1594; x_wconf 88' lang='lat' dir='ltr'>Plurimi</span> <span class='ocrx_word' id='word_1_86' title='bbox 463 1538 521 1596; x_wconf 91' lang='lat' dir='ltr'>hoc</span> <span class='ocrx_word' id='word_1_87' title='bbox 537 1537 627 1613; x_wconf 91' lang='lat' dir='ltr'>signo</span> <span class='ocrx_word' id='word_1_88' title='bbox 643 1537 821 1595; x_wconf 88' lang='lat' dir='ltr'>scholastici</span> <span class='ocrx_word' id='word_1_89' title='bbox 845 1546 1014 1594; x_wconf 90' lang='lat' dir='ltr'>nascuntur</span> <span class='ocrx_word' id='word_1_90' title='bbox 1029 1546 1059 1595; x_wconf 90' lang='lat' dir='ltr'>et</span> <span class='ocrx_word' id='word_1_91' title='bbox 1075 1537 1217 1596; x_wconf 62' lang='lat' dir='ltr'>arietilli?</span> <span class='ocrx_word' id='word_1_92' title='bbox 1261 1540 1340 1596; x_wconf 89' lang='lat' dir='ltr'>Lau·</span> 
     </span>
     <span class='ocr_line' id='line_1_11' title="bbox 138 1619 1390 1713; baseline 0.001 -18"><span class='ocrx_word' id='word_1_93' title='bbox 138 1638 252 1695; x_wconf 91' lang='lat' dir='ltr'>damus</span> <span class='ocrx_word' id='word_1_94' title='bbox 285 1638 492 1696; x_wconf 86' lang='lat' dir='ltr'>urbanitatem</span> <span class='ocrx_word' id='word_1_95' title='bbox 525 1619 764 1708; x_wconf 50' lang='lat' dir='ltr'>mathematici}</span> <span class='ocrx_word' id='word_1_96' title='bbox 787 1637 892 1713; x_wconf 88' lang='lat' dir='ltr'>itaque</span> <span class='ocrx_word' id='word_1_97' title='bbox 923 1637 1055 1695; x_wconf 89' lang='lat' dir='ltr'>adiecit:</span> <span class='ocrx_word' id='word_1_98' title='bbox 1101 1638 1232 1696; x_wconf 84' lang='lat' dir='ltr'>‘deinde</span> <span class='ocrx_word' id='word_1_99' title='bbox 1255 1648 1339 1696; x_wconf 90' lang='lat' dir='ltr'>totus</span> <span class='ocrx_word' id='word_1_100' title='bbox 1353 1652 1390 1689; x_wconf 91' lang='lat'>10</span> 
     </span>
     <span class='ocr_line' id='line_1_12' title="bbox 137 1737 1340 1813; baseline 0 -17"><span class='ocrx_word' id='word_1_101' title='bbox 137 1738 245 1796; x_wconf 92' lang='lat' dir='ltr'>caelus</span> <span class='ocrx_word' id='word_1_102' title='bbox 267 1739 406 1795; x_wconf 91' lang='lat' dir='ltr'>taurulus</span> <span class='ocrx_word' id='word_1_103' title='bbox 427 1738 470 1795; x_wconf 84' lang='lat' dir='ltr'>fit.</span> <span class='ocrx_word' id='word_1_104' title='bbox 516 1741 626 1813; x_wconf 91' lang='lat' dir='ltr'>ltaque</span> <span class='ocrx_word' id='word_1_105' title='bbox 648 1748 722 1795; x_wconf 90' lang='lat' dir='ltr'>tunc</span> <span class='ocrx_word' id='word_1_106' title='bbox 744 1737 899 1795; x_wconf 85' lang='lat' dir='ltr'>calcitrosi</span> <span class='ocrx_word' id='word_1_107' title='bbox 922 1747 1092 1795; x_wconf 87' lang='lat' dir='ltr'>nascuntur</span> <span class='ocrx_word' id='word_1_108' title='bbox 1114 1748 1145 1795; x_wconf 93' lang='lat' dir='ltr'>et</span> <span class='ocrx_word' id='word_1_109' title='bbox 1166 1737 1293 1797; x_wconf 91' lang='lat' dir='ltr'>bubulci</span> <span class='ocrx_word' id='word_1_110' title='bbox 1309 1749 1340 1797; x_wconf 90' lang='lat' dir='ltr'>et</span> 
     </span>
     <span class='ocr_line' id='line_1_13' title="bbox 138 1838 1340 1914; baseline 0 -19"><span class='ocrx_word' id='word_1_111' title='bbox 138 1839 243 1913; x_wconf 89' lang='lat' dir='ltr'>quise</span> <span class='ocrx_word' id='word_1_112' title='bbox 259 1839 317 1913; x_wconf 89' lang='lat' dir='ltr'>ipsi</span> <span class='ocrx_word' id='word_1_113' title='bbox 333 1848 474 1913; x_wconf 88' lang='lat' dir='ltr'>pascunt.</span> <span class='ocrx_word' id='word_1_114' title='bbox 520 1841 558 1895; x_wconf 95' lang='lat' dir='ltr'>ln</span> <span class='ocrx_word' id='word_1_115' title='bbox 572 1838 704 1914; x_wconf 92' lang='lat' dir='ltr'>geminis</span> <span class='ocrx_word' id='word_1_116' title='bbox 720 1848 823 1895; x_wconf 90' lang='lat' dir='ltr'>autem</span> <span class='ocrx_word' id='word_1_117' title='bbox 839 1847 1007 1895; x_wconf 90' lang='lat' dir='ltr'>nascuntur</span> <span class='ocrx_word' id='word_1_118' title='bbox 1022 1838 1112 1914; x_wconf 89' lang='lat' dir='ltr'>bigae</span> <span class='ocrx_word' id='word_1_119' title='bbox 1128 1848 1159 1895; x_wconf 91' lang='lat' dir='ltr'>et</span> <span class='ocrx_word' id='word_1_120' title='bbox 1173 1838 1278 1897; x_wconf 82' lang='lat' dir='ltr'>boves.</span> <span class='ocrx_word' id='word_1_121' title='bbox 1302 1841 1340 1896; x_wconf 92' lang='lat' dir='ltr'>ln</span> 
     </span>
     <span class='ocr_line' id='line_1_14' title="bbox 137 1937 1340 2015; baseline -0.001 -18"><span class='ocrx_word' id='word_1_122' title='bbox 137 1957 253 1997; x_wconf 90' lang='lat' dir='ltr'>cancro</span> <span class='ocrx_word' id='word_1_123' title='bbox 269 1957 326 2015; x_wconf 90' lang='lat' dir='ltr'>ego</span> <span class='ocrx_word' id='word_1_124' title='bbox 343 1948 434 1995; x_wconf 91' lang='lat' dir='ltr'>natus</span> <span class='ocrx_word' id='word_1_125' title='bbox 449 1956 526 1996; x_wconf 91' lang='lat' dir='ltr'>sum.</span> <span class='ocrx_word' id='word_1_126' title='bbox 572 1938 649 1995; x_wconf 93' lang='lat' dir='ltr'>ldeo</span> <span class='ocrx_word' id='word_1_127' title='bbox 664 1937 767 1995; x_wconf 90' lang='lat' dir='ltr'>multis</span> <span class='ocrx_word' id='word_1_128' title='bbox 784 1937 915 2011; x_wconf 91' lang='lat' dir='ltr'>pedibus</span> <span class='ocrx_word' id='word_1_129' title='bbox 930 1949 988 2008; x_wconf 84' lang='lat' dir='ltr'>stu,</span> <span class='ocrx_word' id='word_1_130' title='bbox 1005 1937 1078 1995; x_wconf 88' lang='lat' dir='ltr'>etin</span> <span class='ocrx_word' id='word_1_131' title='bbox 1088 1938 1165 1994; x_wconf 90' lang='lat' dir='ltr'>mari</span> <span class='ocrx_word' id='word_1_132' title='bbox 1177 1938 1248 1995; x_wconf 89' lang='lat' dir='ltr'>etin</span> <span class='ocrx_word' id='word_1_133' title='bbox 1260 1949 1340 1996; x_wconf 91' lang='lat' dir='ltr'>terra</span> 
     </span>
     <span class='ocr_line' id='line_1_15' title="bbox 138 2037 1339 2113; baseline -0.001 -17"><span class='ocrx_word' id='word_1_134' title='bbox 138 2039 237 2096; x_wconf 88' lang='lat' dir='ltr'>multa</span> <span class='ocrx_word' id='word_1_135' title='bbox 260 2038 427 2113; x_wconf 86' lang='lat' dir='ltr'>posside0;</span> <span class='ocrx_word' id='word_1_136' title='bbox 451 2057 522 2094; x_wconf 92' lang='lat' dir='ltr'>nam</span> <span class='ocrx_word' id='word_1_137' title='bbox 545 2056 656 2095; x_wconf 88' lang='lat' dir='ltr'>cancer</span> <span class='ocrx_word' id='word_1_138' title='bbox 678 2047 709 2094; x_wconf 90' lang='lat' dir='ltr'>et</span> <span class='ocrx_word' id='word_1_139' title='bbox 731 2037 790 2095; x_wconf 91' lang='lat' dir='ltr'>hoc</span> <span class='ocrx_word' id='word_1_140' title='bbox 806 2047 838 2094; x_wconf 88' lang='lat' dir='ltr'>et</span> <span class='ocrx_word' id='word_1_141' title='bbox 852 2037 923 2095; x_wconf 92' lang='lat' dir='ltr'>illoc</span> <span class='ocrx_word' id='word_1_142' title='bbox 946 2037 1086 2113; x_wconf 83' lang='lat' dir='ltr'>quadrat</span> <span class='ocrx_word' id='word_1_143' title='bbox 1132 2039 1170 2095; x_wconf 88' lang='lat' dir='ltr'>Et</span> <span class='ocrx_word' id='word_1_144' title='bbox 1185 2037 1256 2095; x_wconf 91' lang='lat' dir='ltr'>ideo</span> <span class='ocrx_word' id='word_1_145' title='bbox 1279 2038 1339 2095; x_wconf 90' lang='lat' dir='ltr'>iam</span> 
     </span>
     <span class='ocr_line' id='line_1_16' title="bbox 138 2137 1387 2223; baseline -0.001 -27"><span class='ocrx_word' id='word_1_146' title='bbox 138 2139 258 2197; x_wconf 93' lang='lat' dir='ltr'>dudum</span> <span class='ocrx_word' id='word_1_147' title='bbox 281 2138 357 2195; x_wconf 90' lang='lat' dir='ltr'>nihil</span> <span class='ocrx_word' id='word_1_148' title='bbox 379 2156 473 2213; x_wconf 91' lang='lat' dir='ltr'>super</span> <span class='ocrx_word' id='word_1_149' title='bbox 495 2138 580 2195; x_wconf 91' lang='lat' dir='ltr'>illum</span> <span class='ocrx_word' id='word_1_150' title='bbox 603 2137 701 2212; x_wconf 91' lang='lat' dir='ltr'>posui,</span> <span class='ocrx_word' id='word_1_151' title='bbox 725 2156 764 2195; x_wconf 94' lang='lat' dir='ltr'>ne</span> <span class='ocrx_word' id='word_1_152' title='bbox 786 2137 925 2213; x_wconf 89' lang='lat' dir='ltr'>genesim</span> <span class='ocrx_word' id='word_1_153' title='bbox 949 2155 1048 2195; x_wconf 91' lang='lat' dir='ltr'>meam</span> <span class='ocrx_word' id='word_1_154' title='bbox 1078 2155 1256 2212; x_wconf 91' lang='lat' dir='ltr'>premerem.</span> <span class='ocrx_word' id='word_1_155' title='bbox 1302 2141 1387 2223; x_wconf 83' lang='lat' dir='ltr'>ln15</span> 
     </span>
     <span class='ocr_line' id='line_1_17' title="bbox 137 2237 1340 2314; baseline -0.001 -19"><span class='ocrx_word' id='word_1_156' title='bbox 137 2240 229 2298; x_wconf 90' lang='lat' dir='ltr'>leone</span> <span class='ocrx_word' id='word_1_157' title='bbox 244 2240 436 2314; x_wconf 85' lang='lat' dir='ltr'>cataphagae</span> <span class='ocrx_word' id='word_1_158' title='bbox 453 2249 621 2296; x_wconf 91' lang='lat' dir='ltr'>nascuntur</span> <span class='ocrx_word' id='word_1_159' title='bbox 636 2246 666 2296; x_wconf 91' lang='lat' dir='ltr'>et</span> <span class='ocrx_word' id='word_1_160' title='bbox 682 2238 840 2313; x_wconf 91' lang='lat' dir='ltr'>imperiosi</span> <span class='ocrx_word' id='word_1_161' title='bbox 853 2261 860 2308; x_wconf 75' lang='lat'>3</span> <span class='ocrx_word' id='word_1_162' title='bbox 883 2237 914 2294; x_wconf 91' lang='lat' dir='ltr'>in</span> <span class='ocrx_word' id='word_1_163' title='bbox 930 2237 1046 2313; x_wconf 88' lang='lat' dir='ltr'>virgine</span> <span class='ocrx_word' id='word_1_164' title='bbox 1062 2238 1205 2296; x_wconf 88' lang='lat' dir='ltr'>mulieres</span> <span class='ocrx_word' id='word_1_165' title='bbox 1220 2248 1250 2296; x_wconf 93' lang='lat' dir='ltr'>et</span> <span class='ocrx_word' id='word_1_166' title='bbox 1266 2238 1340 2314; x_wconf 84' lang='lat' dir='ltr'>lugi-</span> 
     </span>
     <span class='ocr_line' id='line_1_18' title="bbox 137 2338 1340 2415; baseline -0.002 -18"><span class='ocrx_word' id='word_1_167' title='bbox 137 2340 193 2398; x_wconf 90' lang='lat' dir='ltr'>tivi</span> <span class='ocrx_word' id='word_1_168' title='bbox 216 2349 247 2397; x_wconf 92' lang='lat' dir='ltr'>et</span> <span class='ocrx_word' id='word_1_169' title='bbox 269 2338 454 2413; x_wconf 89' lang='lat' dir='ltr'>compediti;</span> <span class='ocrx_word' id='word_1_170' title='bbox 481 2339 511 2395; x_wconf 92' lang='lat' dir='ltr'>in</span> <span class='ocrx_word' id='word_1_171' title='bbox 529 2338 607 2395; x_wconf 91' lang='lat' dir='ltr'>libra</span> <span class='ocrx_word' id='word_1_172' title='bbox 629 2338 770 2396; x_wconf 90' lang='lat' dir='ltr'>laniones</span> <span class='ocrx_word' id='word_1_173' title='bbox 785 2348 816 2396; x_wconf 91' lang='lat' dir='ltr'>et</span> <span class='ocrx_word' id='word_1_174' title='bbox 833 2338 1027 2414; x_wconf 87' lang='lat' dir='ltr'>unguentarii</span> <span class='ocrx_word' id='word_1_175' title='bbox 1043 2347 1074 2397; x_wconf 89' lang='lat' dir='ltr'>ct</span> <span class='ocrx_word' id='word_1_176' title='bbox 1095 2339 1272 2415; x_wconf 90' lang='lat' dir='ltr'>quicunque</span> <span class='ocrx_word' id='word_1_177' title='bbox 1288 2338 1340 2396; x_wconf 90' lang='lat' dir='ltr'>ali-</span> 
     </span>
     <span class='ocr_line' id='line_1_19' title="bbox 137 2438 1339 2515; baseline -0.001 -18"><span class='ocrx_word' id='word_1_178' title='bbox 137 2440 216 2515; x_wconf 91' lang='lat' dir='ltr'>quid</span> <span class='ocrx_word' id='word_1_179' title='bbox 236 2438 425 2514; x_wconf 80' lang='lat' dir='ltr'>expediunt3</span> <span class='ocrx_word' id='word_1_180' title='bbox 448 2439 479 2495; x_wconf 93' lang='lat' dir='ltr'>in</span> <span class='ocrx_word' id='word_1_181' title='bbox 495 2438 657 2513; x_wconf 84' lang='lat' dir='ltr'>scorpione</span> <span class='ocrx_word' id='word_1_182' title='bbox 673 2438 831 2497; x_wconf 90' lang='lat' dir='ltr'>venenarii</span> <span class='ocrx_word' id='word_1_183' title='bbox 847 2447 878 2495; x_wconf 90' lang='lat' dir='ltr'>et</span> <span class='ocrx_word' id='word_1_184' title='bbox 893 2454 1109 2513; x_wconf 75' lang='lat' dir='ltr'>percussores3</span> <span class='ocrx_word' id='word_1_185' title='bbox 1133 2439 1164 2495; x_wconf 92' lang='lat' dir='ltr'>in</span> <span class='ocrx_word' id='word_1_186' title='bbox 1179 2438 1339 2514; x_wconf 90' lang='lat' dir='ltr'>sagittario</span> 
     </span>
     <span class='ocr_line' id='line_1_20' title="bbox 136 2538 1339 2613; baseline -0.003 -15"><span class='ocrx_word' id='word_1_187' title='bbox 136 2540 312 2610; x_wconf 87' lang='lat' dir='ltr'>strabones,</span> <span class='ocrx_word' id='word_1_188' title='bbox 330 2539 383 2613; x_wconf 92' lang='lat' dir='ltr'>qui</span> <span class='ocrx_word' id='word_1_189' title='bbox 400 2538 506 2597; x_wconf 86' lang='lat' dir='ltr'>holera</span> <span class='ocrx_word' id='word_1_190' title='bbox 521 2547 673 2613; x_wconf 90' lang='lat' dir='ltr'>spectant,</span> <span class='ocrx_word' id='word_1_191' title='bbox 690 2538 811 2596; x_wconf 88' lang='lat' dir='ltr'>lardum</span> <span class='ocrx_word' id='word_1_192' title='bbox 827 2539 956 2609; x_wconf 77' lang='lat' dir='ltr'>tollunt3</span> <span class='ocrx_word' id='word_1_193' title='bbox 980 2538 1011 2595; x_wconf 91' lang='lat' dir='ltr'>in</span> <span class='ocrx_word' id='word_1_194' title='bbox 1026 2538 1208 2613; x_wconf 90' lang='lat' dir='ltr'>capricorno</span> <span class='ocrx_word' id='word_1_195' title='bbox 1223 2557 1339 2596; x_wconf 92' lang='lat' dir='ltr'>aerum-</span> 
     </span>
     <span class='ocr_line' id='line_1_21' title="bbox 137 2638 1390 2715; baseline -0.001 -18"><span class='ocrx_word' id='word_1_196' title='bbox 137 2640 218 2711; x_wconf 91' lang='lat' dir='ltr'>nosi,</span> <span class='ocrx_word' id='word_1_197' title='bbox 235 2639 349 2715; x_wconf 92' lang='lat' dir='ltr'>quibus</span> <span class='ocrx_word' id='word_1_198' title='bbox 364 2657 437 2715; x_wconf 92' lang='lat' dir='ltr'>prae</span> <span class='ocrx_word' id='word_1_199' title='bbox 453 2638 534 2695; x_wconf 89' lang='lat' dir='ltr'>mala</span> <span class='ocrx_word' id='word_1_200' title='bbox 549 2657 606 2696; x_wconf 88' lang='lat' dir='ltr'>sua</span> <span class='ocrx_word' id='word_1_201' title='bbox 621 2656 737 2696; x_wconf 90' lang='lat' dir='ltr'>cornua</span> <span class='ocrx_word' id='word_1_202' title='bbox 760 2647 947 2710; x_wconf 87' lang='lat' dir='ltr'>nascuntur;</span> <span class='ocrx_word' id='word_1_203' title='bbox 971 2638 1002 2694; x_wconf 91' lang='lat' dir='ltr'>in</span> <span class='ocrx_word' id='word_1_204' title='bbox 1017 2638 1145 2713; x_wconf 89' lang='lat' dir='ltr'>aquario</span> <span class='ocrx_word' id='word_1_205' title='bbox 1160 2657 1298 2714; x_wconf 91' lang='lat' dir='ltr'>copones</span> <span class='ocrx_word' id='word_1_206' title='bbox 1309 2648 1340 2696; x_wconf 93' lang='lat' dir='ltr'>et</span> <span class='ocrx_word' id='word_1_207' title='bbox 1351 2666 1390 2704; x_wconf 86' lang='lat'>20</span> 
     </span>
     <span class='ocr_line' id='line_1_22' title="bbox 136 2737 1341 2814; baseline -0.003 -14"><span class='ocrx_word' id='word_1_208' title='bbox 136 2740 338 2810; x_wconf 86' lang='lat' dir='ltr'>cucurbitae;</span> <span class='ocrx_word' id='word_1_209' title='bbox 361 2739 392 2795; x_wconf 92' lang='lat' dir='ltr'>in</span> <span class='ocrx_word' id='word_1_210' title='bbox 415 2739 553 2814; x_wconf 91' lang='lat' dir='ltr'>piscibus</span> <span class='ocrx_word' id='word_1_211' title='bbox 575 2737 778 2796; x_wconf 90' lang='lat' dir='ltr'>obsonatores</span> <span class='ocrx_word' id='word_1_212' title='bbox 793 2748 824 2796; x_wconf 93' lang='lat' dir='ltr'>et</span> <span class='ocrx_word' id='word_1_213' title='bbox 839 2738 987 2797; x_wconf 76' lang='lat' dir='ltr'>rhetores,</span> <span class='ocrx_word' id='word_1_214' title='bbox 1033 2739 1084 2797; x_wconf 90' lang='lat' dir='ltr'>Sic</span> <span class='ocrx_word' id='word_1_215' title='bbox 1105 2738 1191 2796; x_wconf 90' lang='lat' dir='ltr'>orbis</span> <span class='ocrx_word' id='word_1_216' title='bbox 1212 2738 1341 2796; x_wconf 88' lang='lat' dir='ltr'>vertitur</span> 
     </span>
     <span class='ocr_line' id='line_1_23' title="bbox 137 2838 1340 2916; baseline -0.003 -17"><span class='ocrx_word' id='word_1_217' title='bbox 137 2852 288 2916; x_wconf 82' lang='lat' dir='ltr'>tanquam</span> <span class='ocrx_word' id='word_1_218' title='bbox 311 2840 402 2910; x_wconf 89' lang='lat' dir='ltr'>mola,</span> <span class='ocrx_word' id='word_1_219' title='bbox 419 2848 450 2898; x_wconf 90' lang='lat' dir='ltr'>et</span> <span class='ocrx_word' id='word_1_220' title='bbox 466 2857 587 2913; x_wconf 88' lang='lat' dir='ltr'>semper</span> <span class='ocrx_word' id='word_1_221' title='bbox 602 2838 720 2913; x_wconf 88' lang='lat' dir='ltr'>aliquid</span> <span class='ocrx_word' id='word_1_222' title='bbox 745 2838 818 2895; x_wconf 88' lang='lat' dir='ltr'>mali</span> <span class='ocrx_word' id='word_1_223' title='bbox 833 2838 916 2909; x_wconf 83' lang='lat' dir='ltr'>facit,</span> <span class='ocrx_word' id='word_1_224' title='bbox 933 2848 967 2896; x_wconf 94' lang='lat' dir='ltr'>ut</span> <span class='ocrx_word' id='word_1_225' title='bbox 982 2838 1123 2896; x_wconf 91' lang='lat' dir='ltr'>homines</span> <span class='ocrx_word' id='word_1_226' title='bbox 1145 2848 1198 2896; x_wconf 89' lang='lat' dir='ltr'>aut</span> <span class='ocrx_word' id='word_1_227' title='bbox 1213 2857 1340 2897; x_wconf 89' lang='lat' dir='ltr'>nascan-</span> 
     </span>
     <span class='ocr_line' id='line_1_24' title="bbox 136 2938 1340 3015; baseline -0.002 -16"><span class='ocrx_word' id='word_1_228' title='bbox 136 2953 189 3000; x_wconf 95' lang='lat' dir='ltr'>tur</span> <span class='ocrx_word' id='word_1_229' title='bbox 212 2951 265 2998; x_wconf 91' lang='lat' dir='ltr'>aut</span> <span class='ocrx_word' id='word_1_230' title='bbox 291 2951 428 3015; x_wconf 88' lang='lat' dir='ltr'>pereant.</span> <span class='ocrx_word' id='word_1_231' title='bbox 473 2938 567 3011; x_wconf 89' lang='lat' dir='ltr'>Quod</span> <span class='ocrx_word' id='word_1_232' title='bbox 589 2948 690 2996; x_wconf 86' lang='lat' dir='ltr'>autern</span> <span class='ocrx_word' id='word_1_233' title='bbox 708 2939 740 2995; x_wconf 92' lang='lat' dir='ltr'>in</span> <span class='ocrx_word' id='word_1_234' title='bbox 756 2938 860 2997; x_wconf 91' lang='lat' dir='ltr'>medio</span> <span class='ocrx_word' id='word_1_235' title='bbox 881 2939 1050 3013; x_wconf 88' lang='lat' dir='ltr'>caespitem</span> <span class='ocrx_word' id='word_1_236' title='bbox 1074 2939 1186 2997; x_wconf 90' lang='lat' dir='ltr'>videtis</span> <span class='ocrx_word' id='word_1_237' title='bbox 1201 2950 1233 2997; x_wconf 91' lang='lat' dir='ltr'>et</span> <span class='ocrx_word' id='word_1_238' title='bbox 1247 2958 1340 3015; x_wconf 91' lang='lat' dir='ltr'>supra</span> 
     </span>
     <span class='ocr_line' id='line_1_25' title="bbox 137 3038 1339 3116; baseline -0.002 -16"><span class='ocrx_word' id='word_1_239' title='bbox 137 3041 307 3116; x_wconf 87' lang='lat' dir='ltr'>caespitem</span> <span class='ocrx_word' id='word_1_240' title='bbox 323 3040 438 3109; x_wconf 83' lang='lat' dir='ltr'>favum,</span> <span class='ocrx_word' id='word_1_241' title='bbox 456 3039 532 3096; x_wconf 93' lang='lat' dir='ltr'>nihil</span> <span class='ocrx_word' id='word_1_242' title='bbox 548 3039 616 3097; x_wconf 91' lang='lat' dir='ltr'>sine</span> <span class='ocrx_word' id='word_1_243' title='bbox 632 3039 750 3096; x_wconf 88' lang='lat' dir='ltr'>ratione</span> <span class='ocrx_word' id='word_1_244' title='bbox 765 3038 856 3096; x_wconf 82' lang='lat' dir='ltr'>facio</span> <span class='ocrx_word' id='word_1_245' title='bbox 901 3039 997 3098; x_wconf 91' lang='lat' dir='ltr'>Terra</span> <span class='ocrx_word' id='word_1_246' title='bbox 1013 3049 1110 3097; x_wconf 89' lang='lat' dir='ltr'>mater</span> <span class='ocrx_word' id='word_1_247' title='bbox 1123 3049 1171 3097; x_wconf 90' lang='lat' dir='ltr'>est</span> <span class='ocrx_word' id='word_1_248' title='bbox 1187 3040 1218 3096; x_wconf 92' lang='lat' dir='ltr'>in</span> <span class='ocrx_word' id='word_1_249' title='bbox 1237 3040 1339 3098; x_wconf 91' lang='lat' dir='ltr'>medio</span> 
     </span>
     <span class='ocr_line' id='line_1_26' title="bbox 136 3138 1387 3222; baseline -0.002 -23"><span class='ocrx_word' id='word_1_250' title='bbox 136 3142 229 3219; x_wconf 88' lang='lat' dir='ltr'>quasi</span> <span class='ocrx_word' id='word_1_251' title='bbox 246 3159 338 3199; x_wconf 89' lang='lat' dir='ltr'>ovum</span> <span class='ocrx_word' id='word_1_252' title='bbox 353 3139 581 3209; x_wconf 90' lang='lat' dir='ltr'>corrotundata,</span> <span class='ocrx_word' id='word_1_253' title='bbox 599 3149 630 3197; x_wconf 92' lang='lat' dir='ltr'>et</span> <span class='ocrx_word' id='word_1_254' title='bbox 645 3138 748 3196; x_wconf 90' lang='lat' dir='ltr'>omnia</span> <span class='ocrx_word' id='word_1_255' title='bbox 763 3139 845 3196; x_wconf 89' lang='lat' dir='ltr'>bona</span> <span class='ocrx_word' id='word_1_256' title='bbox 861 3139 892 3195; x_wconf 94' lang='lat' dir='ltr'>in</span> <span class='ocrx_word' id='word_1_257' title='bbox 908 3158 941 3197; x_wconf 92' lang='lat' dir='ltr'>se</span> <span class='ocrx_word' id='word_1_258' title='bbox 957 3139 1052 3197; x_wconf 92' lang='lat' dir='ltr'>habet</span> <span class='ocrx_word' id='word_1_259' title='bbox 1065 3148 1213 3215; x_wconf 90' lang='lat' dir='ltr'>tanquam</span> <span class='ocrx_word' id='word_1_260' title='bbox 1229 3140 1339 3197; x_wconf 65' lang='lat' dir='ltr'>favus!</span> <span class='ocrx_word' id='word_1_261' title='bbox 1351 3167 1366 3203; x_wconf 89' lang='lat'><strong>2</strong></span> <span class='ocrx_word' id='word_1_262' title='bbox 1371 3164 1387 3222; x_wconf 85' lang='lat'>5</span> 
     </span>
     <span class='ocr_line' id='line_1_27' title="bbox 183 3239 1339 3316; baseline -0.002 -17"><span class='ocrx_word' id='word_1_263' title='bbox 183 3241 343 3316; x_wconf 90' lang='lat' dir='ltr'>‘Sophos&#39;</span> <span class='ocrx_word' id='word_1_264' title='bbox 370 3240 506 3297; x_wconf 87' lang='lat' dir='ltr'>universi</span> <span class='ocrx_word' id='word_1_265' title='bbox 528 3240 697 3297; x_wconf 90' lang='lat' dir='ltr'>clamamus</span> <span class='ocrx_word' id='word_1_266' title='bbox 728 3248 761 3297; x_wconf 90' lang='lat' dir='ltr'>et</span> <span class='ocrx_word' id='word_1_267' title='bbox 790 3239 921 3297; x_wconf 88' lang='lat' dir='ltr'>sublatis</span> <span class='ocrx_word' id='word_1_268' title='bbox 945 3239 1087 3297; x_wconf 88' lang='lat' dir='ltr'>manibus</span> <span class='ocrx_word' id='word_1_269' title='bbox 1117 3240 1156 3297; x_wconf 90' lang='lat' dir='ltr'>ad</span> <span class='ocrx_word' id='word_1_270' title='bbox 1186 3258 1339 3298; x_wconf 86' lang='lat' dir='ltr'>cameram</span> 
     </span>
     <span class='ocr_line' id='line_1_28' title="bbox 137 3339 1339 3416; baseline -0.002 -16"><span class='ocrx_word' id='word_1_271' title='bbox 137 3344 277 3400; x_wconf 91' lang='lat' dir='ltr'>iuramus</span> <span class='ocrx_word' id='word_1_272' title='bbox 305 3341 520 3416; x_wconf 90' lang='lat' dir='ltr'>Hipparchum</span> <span class='ocrx_word' id='word_1_273' title='bbox 558 3341 751 3416; x_wconf 90' lang='lat' dir='ltr'>Aratumque</span> <span class='ocrx_word' id='word_1_274' title='bbox 780 3339 1009 3415; x_wconf 88' lang='lat' dir='ltr'>comparandos</span> <span class='ocrx_word' id='word_1_275' title='bbox 1038 3340 1082 3397; x_wconf 92' lang='lat' dir='ltr'>illi</span> <span class='ocrx_word' id='word_1_276' title='bbox 1112 3339 1254 3398; x_wconf 91' lang='lat' dir='ltr'>homines</span> <span class='ocrx_word' id='word_1_277' title='bbox 1277 3358 1339 3399; x_wconf 92' lang='lat' dir='ltr'>non</span> 
     </span>
     <span class='ocr_line' id='line_1_29' title="bbox 135 3439 1339 3515; baseline -0.002 -15"><span class='ocrx_word' id='word_1_278' title='bbox 135 3444 247 3515; x_wconf 88' lang='lat' dir='ltr'>fuisse,</span> <span class='ocrx_word' id='word_1_279' title='bbox 261 3442 361 3499; x_wconf 90' lang='lat' dir='ltr'>donec</span> <span class='ocrx_word' id='word_1_280' title='bbox 384 3440 578 3499; x_wconf 91' lang='lat' dir='ltr'>advenerunt</span> <span class='ocrx_word' id='word_1_281' title='bbox 599 3439 732 3498; x_wconf 88' lang='lat' dir='ltr'>ministri</span> <span class='ocrx_word' id='word_1_282' title='bbox 748 3458 784 3497; x_wconf 91' lang='lat' dir='ltr'>ac</span> <span class='ocrx_word' id='word_1_283' title='bbox 798 3440 909 3497; x_wconf 86' lang='lat' dir='ltr'>toralia</span> <span class='ocrx_word' id='word_1_284' title='bbox 930 3450 1177 3515; x_wconf 88' lang='lat' dir='ltr'>praeposuerunt</span> <span class='ocrx_word' id='word_1_285' title='bbox 1198 3440 1283 3511; x_wconf 91' lang='lat' dir='ltr'>toris,</span> <span class='ocrx_word' id='word_1_286' title='bbox 1307 3441 1339 3498; x_wconf 87' lang='lat' dir='ltr'>in</span> 
     </span>
     <span class='ocr_line' id='line_1_30' title="bbox 137 3539 1341 3619; baseline -0.002 -18"><span class='ocrx_word' id='word_1_287' title='bbox 137 3543 255 3619; x_wconf 89' lang='lat' dir='ltr'>quibus</span> <span class='ocrx_word' id='word_1_288' title='bbox 269 3541 348 3599; x_wconf 90' lang='lat' dir='ltr'>retia</span> <span class='ocrx_word' id='word_1_289' title='bbox 363 3549 450 3599; x_wconf 90' lang='lat' dir='ltr'>erant</span> <span class='ocrx_word' id='word_1_290' title='bbox 465 3540 548 3615; x_wconf 90' lang='lat' dir='ltr'>picta</span> <span class='ocrx_word' id='word_1_291' title='bbox 563 3539 825 3615; x_wconf 91' lang='lat' dir='ltr'>subsessoresque</span> <span class='ocrx_word' id='word_1_292' title='bbox 840 3558 910 3598; x_wconf 91' lang='lat' dir='ltr'>cum</span> <span class='ocrx_word' id='word_1_293' title='bbox 927 3540 1088 3598; x_wconf 91' lang='lat' dir='ltr'>venabulis</span> <span class='ocrx_word' id='word_1_294' title='bbox 1103 3550 1134 3598; x_wconf 87' lang='lat' dir='ltr'>et</span> <span class='ocrx_word' id='word_1_295' title='bbox 1148 3549 1233 3598; x_wconf 91' lang='lat' dir='ltr'>totus</span> <span class='ocrx_word' id='word_1_296' title='bbox 1248 3560 1341 3599; x_wconf 89' lang='lat' dir='ltr'>vena-</span> 
     </span>
     <span class='ocr_line' id='line_1_31' title="bbox 136 3640 1390 3720; baseline 0.002 -19"><span class='ocrx_word' id='word_1_297' title='bbox 136 3643 233 3702; x_wconf 91' lang='lat' dir='ltr'>tionis</span> <span class='ocrx_word' id='word_1_298' title='bbox 256 3653 432 3718; x_wconf 84' lang='lat' dir='ltr'>apparatus</span> <span class='ocrx_word' id='word_1_299' title='bbox 478 3640 619 3698; x_wconf 91' lang='lat' dir='ltr'>Necdum</span> <span class='ocrx_word' id='word_1_300' title='bbox 642 3640 827 3710; x_wconf 87' lang='lat' dir='ltr'>sciebamus,</span> <span class='ocrx_word' id='word_1_301' title='bbox 850 3659 907 3715; x_wconf 84' lang='lat' dir='ltr'>quo</span> <span class='ocrx_word' id='word_1_302' title='bbox 928 3640 1118 3698; x_wconf 90' lang='lat' dir='ltr'>mitteremus</span> <span class='ocrx_word' id='word_1_303' title='bbox 1144 3640 1390 3720; x_wconf 85' lang='lat' dir='ltr'>suspiciones3o</span> 
     </span>
     <span class='ocr_line' id='line_1_32' title="bbox 139 3739 1339 3816; baseline -0.002 -14"><span class='ocrx_word' id='word_1_304' title='bbox 139 3753 274 3813; x_wconf 89' lang='lat' dir='ltr'>nostras,</span> <span class='ocrx_word' id='word_1_305' title='bbox 306 3760 376 3800; x_wconf 91' lang='lat' dir='ltr'>cum</span> <span class='ocrx_word' id='word_1_306' title='bbox 407 3750 493 3800; x_wconf 87' lang='lat' dir='ltr'>extra</span> <span class='ocrx_word' id='word_1_307' title='bbox 514 3739 678 3797; x_wconf 91' lang='lat' dir='ltr'>triclinium</span> <span class='ocrx_word' id='word_1_308' title='bbox 701 3741 818 3798; x_wconf 90' lang='lat' dir='ltr'>clamor</span> <span class='ocrx_word' id='word_1_309' title='bbox 846 3739 988 3797; x_wconf 91' lang='lat' dir='ltr'>sublatus</span> <span class='ocrx_word' id='word_1_310' title='bbox 1010 3750 1058 3798; x_wconf 91' lang='lat' dir='ltr'>est</span> <span class='ocrx_word' id='word_1_311' title='bbox 1084 3741 1204 3816; x_wconf 88' lang='lat' dir='ltr'>ingens,</span> <span class='ocrx_word' id='word_1_312' title='bbox 1221 3752 1253 3799; x_wconf 90' lang='lat' dir='ltr'>et</span> <span class='ocrx_word' id='word_1_313' title='bbox 1266 3761 1339 3800; x_wconf 90' lang='lat' dir='ltr'>ecce</span> 
     </span>
     <span class='ocr_line' id='line_1_33' title="bbox 136 3822 1339 3915; baseline -0.002 -12"><span class='ocrx_word' id='word_1_314' title='bbox 136 3862 233 3903; x_wconf 92' lang='lat' dir='ltr'>canes</span> <span class='ocrx_word' id='word_1_315' title='bbox 247 3842 394 3900; x_wconf 89' lang='lat' dir='ltr'>Laconici</span> <span class='ocrx_word' id='word_1_316' title='bbox 410 3841 501 3899; x_wconf 87' lang='lat' dir='ltr'>etiam</span> <span class='ocrx_word' id='word_1_317' title='bbox 518 3840 600 3898; x_wconf 90' lang='lat' dir='ltr'>circa</span> <span class='ocrx_word' id='word_1_318' title='bbox 615 3859 753 3898; x_wconf 90' lang='lat' dir='ltr'>mensam</span> <span class='ocrx_word' id='word_1_319' title='bbox 777 3822 948 3898; x_wconf 87' lang='lat' dir='ltr'>discurrere</span> <span class='ocrx_word' id='word_1_320' title='bbox 970 3850 1147 3915; x_wconf 91' lang='lat' dir='ltr'>coeperunt.</span> <span class='ocrx_word' id='word_1_321' title='bbox 1194 3842 1339 3900; x_wconf 88' lang='lat' dir='ltr'>Secutum</span> 
     </span>
     <span class='ocr_line' id='line_1_34' title="bbox 136 3940 1337 4018; baseline -0.002 -16"><span class='ocrx_word' id='word_1_322' title='bbox 136 3955 187 4003; x_wconf 91' lang='lat' dir='ltr'>est</span> <span class='ocrx_word' id='word_1_323' title='bbox 202 3945 261 4001; x_wconf 92' lang='lat' dir='ltr'>hos</span> <span class='ocrx_word' id='word_1_324' title='bbox 276 3942 502 4017; x_wconf 90' lang='lat' dir='ltr'>repositorium,</span> <span class='ocrx_word' id='word_1_325' title='bbox 520 3941 551 3997; x_wconf 91' lang='lat' dir='ltr'>in</span> <span class='ocrx_word' id='word_1_326' title='bbox 568 3959 630 4016; x_wconf 92' lang='lat' dir='ltr'>quo</span> <span class='ocrx_word' id='word_1_327' title='bbox 645 3941 765 4015; x_wconf 92' lang='lat' dir='ltr'>positus</span> <span class='ocrx_word' id='word_1_328' title='bbox 787 3950 853 3998; x_wconf 90' lang='lat' dir='ltr'>erat</span> <span class='ocrx_word' id='word_1_329' title='bbox 876 3940 992 4015; x_wconf 90' lang='lat' dir='ltr'>primae</span> <span class='ocrx_word' id='word_1_330' title='bbox 1015 3942 1238 4016; x_wconf 86' lang='lat' dir='ltr'>magnitudinis</span> <span class='ocrx_word' id='word_1_331' title='bbox 1254 3961 1337 4018; x_wconf 89' lang='lat' dir='ltr'>aper,</span> 
     </span>
     <span class='ocr_line' id='line_1_35' title="bbox 135 4039 1339 4119; baseline -0.001 -16"><span class='ocrx_word' id='word_1_332' title='bbox 135 4055 169 4103; x_wconf 93' lang='lat' dir='ltr'>et</span> <span class='ocrx_word' id='word_1_333' title='bbox 184 4043 309 4119; x_wconf 88' lang='lat' dir='ltr'>quidem</span> <span class='ocrx_word' id='word_1_334' title='bbox 340 4041 493 4117; x_wconf 90' lang='lat' dir='ltr'>pilleatus,</span> <span class='ocrx_word' id='word_1_335' title='bbox 510 4041 630 4098; x_wconf 89' lang='lat' dir='ltr'>ecuius</span> <span class='ocrx_word' id='word_1_336' title='bbox 659 4040 803 4099; x_wconf 87' lang='lat' dir='ltr'>dentibus</span> <span class='ocrx_word' id='word_1_337' title='bbox 827 4039 991 4115; x_wconf 90' lang='lat' dir='ltr'>sportellae</span> <span class='ocrx_word' id='word_1_338' title='bbox 1014 4041 1236 4116; x_wconf 90' lang='lat' dir='ltr'>dependebant</span> <span class='ocrx_word' id='word_1_339' title='bbox 1257 4042 1339 4102; x_wconf 91' lang='lat' dir='ltr'>duae</span> 
     </span>
     <span class='ocr_line' id='line_1_36' title="bbox 135 4139 1387 4222; baseline 0.002 -22"><span class='ocrx_word' id='word_1_340' title='bbox 135 4142 284 4219; x_wconf 90' lang='lat' dir='ltr'>palmulis</span> <span class='ocrx_word' id='word_1_341' title='bbox 298 4151 409 4211; x_wconf 84' lang='lat' dir='ltr'>textae,</span> <span class='ocrx_word' id='word_1_342' title='bbox 427 4142 522 4198; x_wconf 88' lang='lat' dir='ltr'>altera</span> <span class='ocrx_word' id='word_1_343' title='bbox 537 4141 671 4217; x_wconf 89' lang='lat' dir='ltr'>caryotis</span> <span class='ocrx_word' id='word_1_344' title='bbox 686 4141 782 4198; x_wconf 85' lang='lat' dir='ltr'>altera</span> <span class='ocrx_word' id='word_1_345' title='bbox 797 4139 948 4198; x_wconf 90' lang='lat' dir='ltr'>thebaicis</span> <span class='ocrx_word' id='word_1_346' title='bbox 965 4142 1089 4215; x_wconf 86' lang='lat' dir='ltr'>repleta.</span> <span class='ocrx_word' id='word_1_347' title='bbox 1129 4143 1220 4200; x_wconf 87' lang='lat' dir='ltr'>Circa</span> <span class='ocrx_word' id='word_1_348' title='bbox 1235 4155 1339 4202; x_wconf 90' lang='lat' dir='ltr'>autem</span> <span class='ocrx_word' id='word_1_349' title='bbox 1349 4164 1387 4222; x_wconf 85' lang='lat'>35</span> 
     </span>
     <span class='ocr_line' id='line_1_37' title="bbox 135 4240 1338 4316; baseline 0.001 -17"><span class='ocrx_word' id='word_1_350' title='bbox 135 4243 273 4301; x_wconf 90' lang='lat' dir='ltr'>minores</span> <span class='ocrx_word' id='word_1_351' title='bbox 296 4241 424 4316; x_wconf 90' lang='lat' dir='ltr'>porcelli</span> <span class='ocrx_word' id='word_1_352' title='bbox 440 4260 477 4298; x_wconf 86' lang='lat' dir='ltr'>ex</span> <span class='ocrx_word' id='word_1_353' title='bbox 493 4241 737 4316; x_wconf 89' lang='lat' dir='ltr'>coptoplacentis</span> <span class='ocrx_word' id='word_1_354' title='bbox 758 4240 842 4311; x_wconf 84' lang='lat' dir='ltr'>iacti,</span> <span class='ocrx_word' id='word_1_355' title='bbox 860 4240 949 4315; x_wconf 90' lang='lat' dir='ltr'>quasi</span> <span class='ocrx_word' id='word_1_356' title='bbox 971 4241 1118 4299; x_wconf 91' lang='lat' dir='ltr'>uberibus</span> <span class='ocrx_word' id='word_1_357' title='bbox 1133 4242 1338 4315; x_wconf 88' lang='lat' dir='ltr'>imminerent,</span> 
     </span>
     <span class='ocr_line' id='line_1_38' title="bbox 136 4339 1340 4417; baseline 0 -16"><span class='ocrx_word' id='word_1_358' title='bbox 136 4343 272 4402; x_wconf 75' lang='lat' dir='ltr'>scrofam</span> <span class='ocrx_word' id='word_1_359' title='bbox 288 4360 357 4400; x_wconf 90' lang='lat' dir='ltr'>esse</span> <span class='ocrx_word' id='word_1_360' title='bbox 381 4341 514 4417; x_wconf 88' lang='lat' dir='ltr'>positam</span> <span class='ocrx_word' id='word_1_361' title='bbox 537 4339 761 4417; x_wconf 88' lang='lat' dir='ltr'>significabant.</span> <span class='ocrx_word' id='word_1_362' title='bbox 809 4342 847 4398; x_wconf 89' lang='lat' dir='ltr'>Et</span> <span class='ocrx_word' id='word_1_363' title='bbox 869 4340 900 4397; x_wconf 94' lang='lat' dir='ltr'>hi</span> <span class='ocrx_word' id='word_1_364' title='bbox 923 4340 1048 4415; x_wconf 91' lang='lat' dir='ltr'>quidem</span> <span class='ocrx_word' id='word_1_365' title='bbox 1071 4342 1254 4416; x_wconf 90' lang='lat' dir='ltr'>apophoreti</span> <span class='ocrx_word' id='word_1_366' title='bbox 1276 4343 1340 4401; x_wconf 80' lang='lat' dir='ltr'>iue-</span> 
     </span>
     <span class='ocr_line' id='line_1_39' title="bbox 135 4440 1340 4520; baseline 0 -19"><span class='ocrx_word' id='word_1_367' title='bbox 135 4453 217 4501; x_wconf 83' lang='lat' dir='ltr'>runt.</span> <span class='ocrx_word' id='word_1_368' title='bbox 263 4445 409 4501; x_wconf 87' lang='lat' dir='ltr'>Ceterum</span> <span class='ocrx_word' id='word_1_369' title='bbox 425 4442 465 4500; x_wconf 91' lang='lat' dir='ltr'>ad</span> <span class='ocrx_word' id='word_1_370' title='bbox 481 4440 687 4499; x_wconf 90' lang='lat' dir='ltr'>scindendum</span> <span class='ocrx_word' id='word_1_371' title='bbox 710 4459 816 4515; x_wconf 91' lang='lat' dir='ltr'>aprum</span> <span class='ocrx_word' id='word_1_372' title='bbox 833 4459 895 4498; x_wconf 90' lang='lat' dir='ltr'>non</span> <span class='ocrx_word' id='word_1_373' title='bbox 912 4440 962 4499; x_wconf 86' lang='lat' dir='ltr'>ille</span> <span class='ocrx_word' id='word_1_374' title='bbox 979 4443 1099 4516; x_wconf 86' lang='lat' dir='ltr'>Carpus</span> <span class='ocrx_word' id='word_1_375' title='bbox 1121 4444 1263 4514; x_wconf 91' lang='lat' dir='ltr'>accessit,</span> <span class='ocrx_word' id='word_1_376' title='bbox 1287 4445 1340 4520; x_wconf 91' lang='lat' dir='ltr'>qui</span> 
     </span>
     <span class='ocr_line' id='line_1_40' title="bbox 135 4539 1340 4619; baseline 0.001 -19"><span class='ocrx_word' id='word_1_377' title='bbox 135 4543 235 4601; x_wconf 88' lang='lat' dir='ltr'>altilia</span> <span class='ocrx_word' id='word_1_378' title='bbox 265 4542 463 4611; x_wconf 87' lang='lat' dir='ltr'>laceraverat,</span> <span class='ocrx_word' id='word_1_379' title='bbox 480 4540 536 4598; x_wconf 90' lang='lat' dir='ltr'>sed</span> <span class='ocrx_word' id='word_1_380' title='bbox 551 4539 702 4598; x_wconf 89' lang='lat' dir='ltr'>barbatus</span> <span class='ocrx_word' id='word_1_381' title='bbox 718 4540 836 4614; x_wconf 90' lang='lat' dir='ltr'>ingens,</span> <span class='ocrx_word' id='word_1_382' title='bbox 852 4539 960 4597; x_wconf 82' lang='lat' dir='ltr'>fasciis</span> <span class='ocrx_word' id='word_1_383' title='bbox 988 4541 1162 4599; x_wconf 91' lang='lat' dir='ltr'>cruralibus</span> <span class='ocrx_word' id='word_1_384' title='bbox 1193 4543 1340 4619; x_wconf 86' lang='lat' dir='ltr'>alligatus</span> 
     </span>
     <span class='ocr_line' id='line_1_41' title="bbox 135 4640 1391 4720; baseline 0.001 -19"><span class='ocrx_word' id='word_1_385' title='bbox 135 4653 166 4702; x_wconf 90' lang='lat' dir='ltr'>et</span> <span class='ocrx_word' id='word_1_386' title='bbox 182 4643 296 4701; x_wconf 89' lang='lat' dir='ltr'>alicula</span> <span class='ocrx_word' id='word_1_387' title='bbox 311 4641 501 4700; x_wconf 86' lang='lat' dir='ltr'>subornatus</span> <span class='ocrx_word' id='word_1_388' title='bbox 517 4640 673 4718; x_wconf 89' lang='lat' dir='ltr'>polymita,</span> <span class='ocrx_word' id='word_1_389' title='bbox 690 4640 858 4716; x_wconf 87' lang='lat' dir='ltr'>strictoque</span> <span class='ocrx_word' id='word_1_390' title='bbox 881 4642 1041 4700; x_wconf 88' lang='lat' dir='ltr'>venatorio</span> <span class='ocrx_word' id='word_1_391' title='bbox 1061 4643 1161 4701; x_wconf 90' lang='lat' dir='ltr'>cultro</span> <span class='ocrx_word' id='word_1_392' title='bbox 1177 4644 1257 4702; x_wconf 90' lang='lat' dir='ltr'>latus</span> <span class='ocrx_word' id='word_1_393' title='bbox 1273 4645 1340 4720; x_wconf 90' lang='lat' dir='ltr'>apri</span> <span class='ocrx_word' id='word_1_394' title='bbox 1351 4665 1391 4716; x_wconf 91' lang='lat'>40</span> 
     </span>
    </p>
   </div>
   <div class='ocr_carea' id='block_1_3' title="bbox 0 0 1614 5417">
    <p class='ocr_par' dir='ltr' id='par_1_3' title="bbox 0 0 1614 5417">
     <span class='ocr_line' id='line_1_42' title="bbox 0 0 1614 5417; baseline 0 0"><span class='ocrx_word' id='word_1_395' title='bbox 0 0 1614 5417; x_wconf 95' lang='lat' dir='ltr'> </span> 
     </span>
    </p>
   </div>
  </div>
 </body>
</html>
