3217 5417
890 552 909 603 4

301 811 368 884 alis,
385 812 493 887 quales
508 831 578 871 esse
593 813 694 872 solent
715 831 795 889 quae
810 812 959 872 incubant
974 832 1041 873 ova.
1086 816 1256 874 Accessere
1270 816 1419 875 continuo
1434 816 1498 875 duo

301 911 381 970 servi
404 922 434 971 et
457 912 641 990 symphonia
663 922 819 988 strepente
842 914 970 972 scrutari
993 915 1114 990 paleam
1146 925 1316 991 coeperunt
1346 926 1497 992 erutaque

293 1011 432 1071 'subinde
447 1012 602 1088 pavonina
618 1030 676 1071 ova
687 1012 820 1072 divisere
842 1013 989 1073 convivis
1033 1015 1193 1074 Convertit
1202 1016 1242 1074 ad
1254 1017 1335 1075 hanc
1350 1035 1496 1076 scaenam
1588 1067 1589 1070 ,

271 1133 286 1193 5
299 1112 488 1171 Trimalchio
502 1113 620 1171 vultum
637 1121 667 1171 et
684 1112 801 1171 ‘amici'
825 1112 867 1172 ait
883 1114 1022 1190 ‘pavonis
1037 1132 1095 1173 ova
1109 1116 1244 1192 gallinae
1259 1116 1335 1175 iussi
1351 1117 1495 1193 supponi.

300 1213 338 1270 Et
361 1213 553 1271 mehercules
574 1212 668 1271 timeo
690 1232 730 1272 ne
752 1213 813 1271 iam
835 1214 977 1290 concepti
1001 1214 1080 1287 sint;
1116 1225 1302 1293 temptemus
1331 1226 1444 1289 tamen,
1468 1217 1496 1276 si
1588 1217 1589 1220 ’

299 1311 402 1370 adhuc
416 1312 543 1371 sorbilia
559 1313 650 1372 sunt'
694 1312 874 1389 Accipimus
897 1332 953 1373 nos
966 1315 1138 1374 cochlearia
1161 1335 1223 1374 non
1245 1316 1347 1375 minus
1362 1317 1495 1377 selibras
1588 1315 1589 1384 ἦ

298 1411 467 1488 pendentia
489 1431 610 1489 ovaque
626 1431 664 1471 ex
678 1413 779 1470 farina
793 1413 900 1490 pingui
923 1414 1053 1491 figurata
1074 1416 1297 1491 pertundimus.
1343 1420 1410 1494 Ego
1431 1418 1497 1494 qui·

298 1512 369 1571 dem
385 1531 485 1589 paene
507 1513 624 1589 proieci
639 1521 758 1588 partem
773 1532 884 1586 meam,
901 1533 972 1571 nam
985 1514 1147 1573 videbatur
1163 1516 1237 1573 mihi
1252 1517 1312 1574 iarn
1328 1516 1360 1575 in
1375 1518 1494 1593 pullum
1588 1545 1589 1550 ¹

250 1634 287 1671 ro
297 1612 406 1671 coisse.
453 1613 575 1672 Deinde
587 1623 621 1672 ut
635 1612 740 1671 audivi
754 1623 888 1673 veterem
904 1615 1085 1673 convivam:
1111 1615 1179 1675 ‘hic
1200 1616 1306 1675 nescio
1329 1617 1403 1694 quid
1419 1618 1495 1677 boni

297 1713 390 1773 debet
403 1714 493 1786 esse,’
509 1722 689 1789 persecutus
704 1723 852 1788 putamen
862 1732 955 1772 manu
964 1715 1199 1792 pinguissimam
1215 1716 1377 1776 ficedulam
1389 1717 1494 1778 inveni

295 1813 436 1889 piperato
451 1813 555 1896 vitello
569 1813 800 1874 circumdatam.

338 1916 405 1972 Iam
421 1913 611 1971 Trimalchio
626 1912 734 1972 eadem
757 1913 861 1972 omnia
882 1914 952 1973 lusu
968 1914 1144 1975 intermisso
1164 1927 1351 1993 poposcerat
1365 1918 1494 1977 fecerat-

296 2032 356 2090 que
378 2022 563 2090 potestatem
585 2013 668 2071 clara
689 2032 774 2085 voce,
800 2014 826 2071 si
849 2013 918 2089 quis
941 2023 1079 2074 nostrum
1109 2016 1218 2075 iterum
1241 2017 1334 2076 vellet
1355 2018 1491 2078 mulsum

248 2132 282 2191 15
296 2132 425 2186 sumere,
450 2133 520 2172 cum
543 2112 646 2172 subito
668 2113 791 2190 signum
814 2115 998 2191 symphonia
1021 2115 1111 2174 datur
1132 2125 1162 2175 et
1183 2117 1352 2193 gustatoria
1375 2118 1494 2193 pariter

295 2233 314 2272 a
328 2214 423 2273 choro
438 2222 583 2272 cantante
599 2213 767 2288 rapiuntur.
813 2215 958 2273 Ceterum
974 2215 1052 2274 inter
1066 2217 1230 2274 tumultum
1246 2236 1314 2275 cum
1330 2217 1410 2277 forte
1425 2236 1493 2293 par-

294 2314 380 2391 opsis
395 2313 561 2373 excidisset
571 2323 603 2372 et
613 2331 689 2389 puer
704 2313 855 2372 iacentem
871 2314 1054 2388 sustulisset,
1072 2315 1288 2376 animadvertit
1303 2318 1493 2377 Trimalchio

294 2414 497 2491 colaphisque
513 2412 668 2489 obiurgari
691 2432 820 2489 puerum
835 2432 872 2472 ac
887 2414 1025 2489 proicere
1047 2434 1153 2474 rursus
1175 2417 1372 2492 paropsidem
1389 2417 1489 2478 iussit.

141 2495 213 2616 Vs
254 2536 261 2547 ·
294 2518 459 2574 Insecutus
470 2522 518 2573 est
533 2513 797 2589 supellecticarius
813 2523 1035 2591 argentumque
1050 2515 1129 2575 inter
1143 2504 1273 2611 reliqufa
1288 2527 1493 2594 purgamenta

244 2645 283 2684 20
294 2615 397 2692 scopis
412 2614 515 2690 coepit
529 2614 676 2672 everrere‘.
723 2612 862 2672 Subinde
877 2614 1067 2673 intraverunt
1083 2616 1144 2675 duo
1160 2616 1331 2693 Aethiopes
1352 2618 1491 2694 capillati

293 2735 363 2775 cum
379 2714 501 2792 pusillis
516 2713 645 2785 utribuS,
662 2713 770 2789 quales
786 2714 887 2772 solent
902 2733 971 2773 esse
987 2714 1039 2791 qui
1055 2715 1202 2775 harenam
1218 2717 1250 2774 in
1265 2717 1494 2794 amphitheatro

292 2823 453 2892 spargunt,¹
466 2814 634 2889 vinumque
649 2813 762 2872 dedere
777 2814 810 2871 in
825 2832 952 2886 manus,
976 2833 1089 2891 aquam
1104 2816 1186 2875 enim
1202 2835 1293 2876 nemo
1308 2819 1451 2892 porrexit.

293 2916 452 2975 Laudatus
474 2924 599 2990 propter
620 2914 790 2990 elegantias
807 2913 950 2973 dominus
963 2921 1112 2991 ‘aequum
1125 2917 1132 2942 '
1148 2916 1247 2993 inquit
1270 2918 1379 2976 ‘Mars
1395 2928 1487 2977 amat.

292 3019 402 3093 Itaque
418 3015 494 3073 iussi
508 3023 604 3071 vsuam
627 3014 739 3089 cuique
762 3032 901 3072 mensam
923 3014 1084 3091 assignari.
1129 3016 1238 3075 Obiter
1255 3025 1285 3075 et
1300 3017 1490 3092 putidissimi

242 3143 258 3181 2
263 3142 279 3201 5
292 3117 373 3177 servi
387 3116 536 3174 minorem
553 3114 643 3173 nobis
658 3122 776 3172 aestum
800 3114 975 3190 frequentia
990 3134 1045 3173 sua
1060 3115 1196 3174 facient!

335 3216 443 3276 Statim
459 3215 570 3273 allatae
586 3223 658 3273 sunt
674 3214 841 3290 amphorae
863 3214 978 3273 vitreae
1000 3214 1164 3292 diligenter
1179 3226 1338 3293 gypsatae,
1355 3237 1486 3293 quarum

291 3318 323 3376 in
338 3315 509 3376 cervicibus
530 3314 658 3391 pittacia
681 3324 769 3373 erant
784 3315 875 3372 affixa
890 3333 959 3373 cum
974 3315 1034 3374 hoc
1049 3315 1158 3374 titulo:
1182 3316 1364 3375 ‘Falernum
1382 3319 1488 3394 Opim-

291 3418 395 3476 ianum
418 3397 567 3474 annorum
589 3414 734 3473 centum'
785 3415 867 3472 Dum
890 3414 995 3473 titulos
1017 3415 1212 3492 perlegimus,
1237 3417 1400 3492 complosit
1422 3419 1489 3479 Tri÷

290 3517 423 3576 malchio
454 3534 564 3574 manus
587 3524 618 3574 et
641 3515 759 3573 ‘eheu'
782 3514 883 3589 inquit
906 3521 998 3592 ‘ergo
1019 3515 1135 3574 diutius
1165 3516 1240 3575 vivit
1262 3517 1368 3582 vinum
1391 3537 1485 3594 quam

239 3616 465 3698 3ohomuncio.
509 3617 614 3690 Quare
629 3625 832 3691 tengomenas
853 3614 1013 3673 faciamus.
1057 3616 1131 3674 Vita
1144 3616 1250 3674 vinum
1266 3626 1322 3676 est.
1366 3620 1484 3677 Verum

290 3718 489 3795 Opimianum
511 3726 644 3793 praesto
690 3714 767 3773 Heri
782 3720 924 3774 nontam
939 3715 1055 3774 bonum
1077 3717 1176 3791 posui,
1193 3726 1224 3775 et
1239 3718 1336 3776 multo
1350 3718 1488 3778 honesti·

289 3837 358 3878 ores
380 3817 555 3877 cenabant.'
612 3815 796 3895 Potantibus
819 3834 892 3891 ergo
914 3815 1005 3874 nobis
1028 3824 1058 3874 et
1080 3817 1312 3876 accuratissime
1349 3820 1487 3878 lautitias

288 3918 471 3977 mirantibus
494 3917 609 3975 larvam
633 3924 811 3992 argenteam
834 3914 934 3973 attulit
957 3934 1064 3974 servus
1087 3916 1132 3975 sic
1154 3926 1300 3994 aptatam,
1316 3928 1350 3977 ut
1365 3920 1487 3978 articuli

287 4021 354 4080 eius
369 4018 591 4092 vertebraeque
606 4015 729 4074 luxatae
744 4015 776 4072 in
787 4033 910 4074 omnem
925 4024 1043 4092 partem
1058 4015 1260 4077 flecterentur.
1306 4020 1399 4078 Hanc
1414 4039 1486 4078 cum

236 4151 274 4212 35
288 4139 381 4197 super
390 4136 529 4178 mensam
545 4116 640 4176 semel
653 4116 823 4191 iterumque
839 4112 1012 4188 abiecisset,
1024 4126 1054 4176 et
1062 4118 1217 4176 catenatio
1232 4118 1356 4178 mobilis
1367 4120 1488 4195 aliquot

287 4224 403 4301 figuras
418 4218 608 4295 exprimeret,
625 4216 814 4275 Trimalchio
829 4216 957 4275 adiecit:

1588 597 1589 636 l

302 710 426 770 allatum
442 722 489 771 est
500 731 570 772 cum
585 713 686 785 corbe,
700 714 732 771 in
747 731 810 790 quo
824 713 939 791 gallina
954 723 1021 773 erat
1034 715 1136 792 lignea
1149 716 1327 791 patentibus
1343 717 1374 775 in
1389 717 1496 776 orbem

414 4362 421 4390 ‘
437 4356 524 4413 Eheu
540 4371 597 4412 nos
612 4351 750 4424 miseros,
774 4369 867 4427 quarn
882 4359 965 4408 totus
980 4349 1145 4409 homuncio
1160 4349 1203 4408 nil
1218 4359 1274 4410 est.

413 4456 464 4515 Sic
478 4454 593 4514 erimus
607 4452 718 4524 cuncti,
736 4459 900 4527 postquam
916 4468 973 4509 nos
990 4450 1108 4509 auferet
1122 4450 1232 4509 Orcus.

413 4560 493 4633 Ergo
508 4554 657 4625 vivamus,
674 4552 747 4611 dum
762 4550 834 4609 licet
848 4569 917 4609 esse
931 4550 1032 4609 bene.'
