3217 5417
872 538 888 576 2

278 723 347 763 mea
360 705 447 781 fregi.
492 705 542 764 Ad
558 704 713 764 sinistram
730 705 812 764 enim
828 705 1013 764 intrantibus
1025 723 1087 763 non
1103 705 1194 783 longe
1210 706 1249 765 ab
1265 705 1382 764 ostiarii
1393 706 1474 764 cella

276 804 364 862 canis
378 805 496 881 ingens,
513 813 622 864 catena
637 805 768 877 vinctus,
782 806 814 863 in
825 805 941 881 pariete
957 815 1023 864 erat
1037 805 1138 882 pictus
1151 825 1304 882 superque
1320 806 1473 881 quadrata

275 904 363 966 litera
378 904 525 981 scriptum
541 911 633 964 ‘cave
648 906 777 964 canem'
823 907 861 963 Et
875 906 1012 982 collegae
1034 905 1159 980 quidem
1171 906 1231 964 mei
1246 906 1387 977 riserunt,
1411 925 1470 983 ego

276 1013 377 1064 autem
406 1005 537 1064 collecto
559 1005 667 1080 spiritu
690 1024 752 1063 non
774 1004 879 1064 destiti
900 1014 998 1063 totum
1021 1005 1169 1080 parietem
1198 1005 1350 1080 persequi.
1397 1008 1471 1066 Erat

247 1109 378 1169 sautem
399 1105 583 1163 venalicium
604 1124 669 1163 cum
690 1105 786 1164 titulis
809 1105 932 1181 pictum,
956 1114 987 1164 et
1008 1105 1074 1181 ipse
1097 1105 1285 1165 Trimalchio
1307 1106 1470 1181 capillatus

275 1205 444 1264 caduceum
455 1205 581 1264 tenebat
590 1206 794 1281 Minervaque
806 1205 938 1264 ducente
952 1207 1083 1264 Romam
1098 1205 1242 1266 intrabat.
1266 1206 1351 1264 Hinc
1366 1225 1470 1283 quem·

275 1297 442 1365 admodum
465 1306 640 1366 ratiocinari
672 1306 842 1379 didicisset,
866 1306 1001 1382 denique
1034 1307 1230 1382 dispensator
1251 1308 1352 1366 lactus
1375 1316 1467 1366 esset.

274 1406 387 1465 Omnia
408 1406 572 1483 diligenter
593 1406 733 1465 curiosus
754 1406 854 1482 pictor
876 1424 945 1465 cum
968 1406 1167 1482 inscriptione
1198 1407 1383 1466 reddiderat.
1429 1410 1467 1465 In

274 1506 436 1566 deficiente
451 1524 525 1565 vero
539 1506 600 1564 iam
616 1507 736 1581 porticu
751 1506 885 1565 levatum
901 1516 1005 1565 mento
1021 1507 1053 1564 iu
1068 1506 1202 1565 tribunal
1218 1508 1372 1566 excelsum
1389 1508 1470 1566 Mer·

226 1606 377 1665 10curius
399 1606 553 1683 rapiebat,
593 1608 720 1665 Praesto
735 1615 801 1664 erat
816 1607 952 1664 Fortuna
974 1625 1070 1665 cornu
1091 1606 1264 1665 abundanti
1286 1607 1414 1682 copiosa
1436 1616 1468 1665 et

272 1715 336 1765 tres
350 1725 461 1782 parcae
477 1725 570 1765 aurea
585 1725 682 1781 pensa
697 1714 886 1781 torquentes.
931 1706 1045 1765 Notavi
1061 1706 1152 1764 etiam
1165 1707 1197 1764 in
1212 1707 1332 1782 porticu
1343 1726 1468 1784 gregem

272 1825 432 1866 cursorum
447 1825 516 1865 curn
533 1806 679 1883 magistro
694 1824 729 1865 se
744 1814 945 1865 exercentem.
991 1808 1154 1865 Praeterea
1168 1808 1287 1883 grande
1303 1807 1467 1865 armarium

272 1906 304 1965 in
320 1906 433 1984 angulo
447 1906 518 1979 vidi,
536 1906 568 1964 in
583 1907 671 1965 cuius
687 1905 828 1965 aedicula
849 1916 937 1965 erant
952 1908 1047 1966 Lares
1063 1908 1200 1983 argentei
1216 1908 1309 1983 positi
1324 1897 1467 1970 Veneris·

272 2026 333 2083 que
349 2007 469 2084 signum
493 2024 696 2065 marmoreum
712 2016 743 2065 et
758 2007 847 2084 pyxis
873 2025 965 2065 aurea
987 2025 1050 2064 non
1072 2007 1191 2083 pusilla,
1209 2008 1241 2065 in
1263 2027 1325 2084 qua
1339 2008 1467 2067 barbam

224 2120 258 2180 15
271 2108 368 2184 ipsius
383 2106 540 2166 conditam
555 2125 624 2166 esse
643 2106 797 2166 dicebant.

313 2210 508 2284 Interrogare
523 2226 596 2283 ergo
612 2207 777 2265 atriensem
792 2207 890 2282 coepi,
908 2226 985 2283 quas
997 2206 1028 2264 in
1042 2206 1144 2265 medio
1155 2207 1291 2282 picturas
1306 2208 1465 2268 haberent.

273 2307 391 2367 ‘iliada
405 2316 435 2366 et
450 2306 624 2385 Odyssian’
640 2307 739 2382 inquit
755 2313 808 2366 ‘ac
823 2307 971 2366 Laenatis
985 2307 1201 2383 gladiatorium
1218 2310 1349 2368 munus’
1394 2312 1466 2368 Non

271 2408 384 2468 licebat
399 2407 574 2466 multaciam
593 2407 799 2466 considerare.

311 2510 379 2567 Nos
394 2508 454 2567 iam
469 2508 510 2583 ad
525 2507 691 2566 triclinium
713 2525 960 2583 perveneramus,
977 2507 1008 2564 in
1024 2507 1112 2566 cuius
1127 2517 1214 2582 parte
1239 2508 1338 2583 prima
1361 2528 1467 2585 procu-

221 2621 260 2658 20
270 2618 354 2668 rator
367 2609 503 2667 rationes
519 2607 698 2684 accipiebat.
744 2608 783 2664 Et
797 2607 880 2682 quod
904 2606 1068 2682 praecipue
1085 2608 1212 2666 miratus
1233 2627 1310 2681 sum,
1328 2609 1360 2666 in
1376 2610 1469 2686 posti-

270 2708 329 2767 bus
351 2708 477 2767 triclinii
498 2708 601 2767 fasces
623 2716 710 2765 erant
725 2725 794 2765 cum
818 2707 979 2765 securibus
995 2706 1054 2780 fixi,
1079 2726 1207 2782 quorum
1230 2727 1324 2766 unam
1346 2719 1464 2784 partem

270 2809 360 2886 quasi
375 2807 531 2867 embolum
554 2807 642 2866 navis
665 2825 795 2865 aeneum
817 2806 953 2876 finiebat,
970 2807 1002 2864 in
1025 2826 1087 2882 quo
1110 2816 1175 2866 erat
1197 2808 1365 2884 scriptum:
1410 2811 1464 2869 ‘C.

270 2910 418 2984 Pompeio
454 2907 686 2979 Trimalchioni,
718 2907 818 2965 seviro
841 2906 1013 2983 Augustali,
1039 2907 1209 2966 Cinnamus
1245 2908 1462 2984 dispensator.'

271 3009 334 3068 Sub
357 3009 465 3068 eodem
487 3008 578 3066 titulo
599 3017 630 3066 et
646 3008 772 3066 lucerna
793 3006 947 3085 bilychnis
962 3007 1001 3066 de
1013 3026 1135 3065 camera
1157 3008 1322 3084 pendebat,
1340 3019 1370 3068 et
1385 3010 1464 3069 duae

220 3116 256 3175 25
268 3109 393 3168 tabulae
409 3109 440 3166 in
456 3118 587 3184 utroque
603 3116 691 3183 poste
704 3106 832 3178 defixae,
849 3126 979 3182 quarum
995 3108 1099 3180 altera,
1117 3107 1143 3166 si
1159 3109 1238 3167 bene
1253 3109 1388 3180 memini,
1406 3111 1465 3168 hoc

268 3209 404 3268 habebat
438 3208 635 3283 inscriptum:
680 3209 748 3264 ‘III
765 3216 796 3265 et
818 3206 915 3283 pridie
946 3207 1098 3266 kalendas
1120 3207 1282 3266 Ianuarias
1299 3211 1334 3267 C.
1357 3220 1463 3268 noster

253 3310 351 3369 ⁴foras
365 3309 475 3379 cenat,’
492 3308 589 3367 altera
603 3307 695 3365 lunae
717 3324 840 3365 cursum
862 3306 1080 3383 stellarumque
1102 3316 1220 3384 septem
1237 3308 1388 3385 imagines
1403 3310 1465 3386 pic·

267 3418 325 3483 tas,
348 3418 378 3469 et
400 3408 453 3485 qui
475 3408 542 3467 dies
564 3407 637 3466 boni
663 3406 777 3482 quique
803 3407 991 3464 incommodi
1012 3417 1125 3478 essent,
1149 3407 1358 3485 distinguente
1380 3410 1466 3468 bulla

268 3510 463 3569 notabantur.

216 3631 257 3687 30
309 3611 371 3669 His
386 3609 495 3686 repleti
517 3607 729 3683 voluptatibus
751 3625 821 3664 cum
843 3625 1024 3665 conaremur
1039 3607 1071 3664 in
1086 3607 1253 3666 triclinium
1276 3608 1397 3680 intrare,
1416 3629 1464 3668 ex·

267 3711 411 3771 clamavit
427 3728 506 3768 unus
518 3707 679 3784 expueris,
697 3706 749 3782 qui
765 3723 857 3782 super
873 3707 931 3765 hoc
946 3708 1079 3766 officium
1096 3716 1161 3766 erat
1175 3708 1312 3783 positus:
1339 3710 1465 3768 ‘dextro

266 3813 366 3888 pede.'
412 3811 485 3870 Sine
507 3808 603 3867 dubio
625 3807 782 3884 paulisper
817 3808 1047 3884 trepidavimus,
1073 3828 1111 3867 ne
1133 3819 1240 3867 contra
1262 3821 1461 3887 praeceptum

266 3912 378 3988 aliquis
401 3920 540 3969 nostrum
562 3908 656 3966 limen
677 3907 830 3965 transiret.
876 3909 1020 3966 Ceterum
1035 3917 1069 3966 ut
1083 3909 1197 3984 pariter
1218 3909 1370 3969 movimus
1393 3911 1463 3971 dex-

265 4025 330 4073 tros
345 4030 479 4089 gressus
497 4028 604 4068 servus
620 4006 710 4065 nobis
736 4007 928 4082 despoliatus
951 4007 1114 4083 procubuit
1129 4009 1169 4066 ad
1184 4009 1279 4086 pedes
1295 4029 1332 4069 ac
1354 4030 1463 4088 rogare

215 4127 252 4188 35
266 4114 376 4190 coepit,
393 4121 427 4170 ut
441 4130 475 4169 se
491 4127 610 4186 poenae
633 4107 831 4182 eripiremus:
855 4126 912 4166 nec
928 4126 1072 4184 magnum
1088 4128 1157 4167 esse
1180 4118 1342 4185 peccatum
1358 4130 1458 4182 suum,

265 4224 391 4291 propter
406 4212 489 4288 quod
506 4209 743 4286 periclitaretur,
767 4207 921 4266 subducta
936 4209 1017 4267 enim
1033 4208 1093 4267 sibi
1107 4210 1292 4269 vestimenta
1304 4211 1463 4286 dispensa·

265 4316 341 4374 toris
354 4315 385 4372 in
408 4312 529 4383 balneo,
554 4328 635 4386 quae
650 4309 701 4366 vix
722 4309 856 4367 fuissent
877 4307 985 4367 decem
1008 4310 1228 4369 sestertiorum.
1274 4311 1463 4370 Rettulimus

266 4435 339 4493 ergo
363 4415 487 4473 dextros
509 4411 605 4487 pedes
629 4409 936 4484 dispensatoremque
958 4409 989 4466 in
1012 4411 1089 4468 atrio
1112 4429 1222 4468 aureos
1244 4422 1458 4471 numerantem

265 4514 424 4592 deprecati
439 4530 555 4584 sumus,
572 4520 605 4568 ut
621 4528 710 4568 servo
725 4509 893 4567 remitteret
908 4527 1049 4584 poenam.
1096 4511 1254 4592 Superbus
1272 4511 1322 4569 ille
1339 4512 1464 4570 sustulit

214 4632 254 4683 40
264 4618 382 4677 vultum
398 4623 429 4673 et
452 4620 531 4671 ‘non
555 4620 617 4669 tam
648 4610 764 4667 iactura
787 4627 835 4667 me
857 4610 979 4668 movet'
1003 4609 1103 4685 inquit
1126 4617 1236 4686 ‘quam
1270 4611 1459 4689 negligentia

238 4728 240 4732 ’
265 4714 447 4793 nequissimi
480 4712 568 4772 servi.
613 4710 806 4769 Vestimenta
837 4728 904 4769 mea
935 4709 1086 4768 cubitoria
1118 4712 1259 4787 perdidit,
1284 4731 1364 4787 quae
1385 4714 1462 4771 mihi
