3217 5417
706 541 742 617 53·

120 706 222 784 cincta
244 707 378 801 cingilla,
396 724 438 783 ita
453 736 486 784 ut
501 724 582 783 infra
597 726 735 784 cerasina
767 736 929 801 appareret
958 724 1062 783 tunica
1077 732 1108 784 et
1123 705 1322 801 periscelides

121 835 221 884 tortae
237 809 483 901 phaecasiaeque
506 827 673 885 inauratae.
719 827 809 884 Tunc
825 826 948 884 sudario
964 845 1074 884 manus
1088 835 1221 902 tergens
1239 827 1322 902 quod

121 926 153 983 in
169 928 250 985 collo
274 927 416 998 habebat,
436 927 570 1002 applicat
586 947 619 985 se
635 927 677 984 illi
693 937 769 999 toro,
787 927 819 984 in
835 946 896 1003 quo
913 926 1053 985 Scintilla
1077 928 1247 986 Habinnae
1263 928 1322 986 dis-

122 1028 288 1085 cumbebat
304 1046 387 1098 uxor,
405 1028 606 1103 osculataque
623 1029 822 1103 plaudentem
839 1035 903 1086 ‘est
918 1028 966 1086 te'
983 1027 1082 1103 inquit
1099 1027 1218 1086 ‘videre
1230 1029 1258 1086 ?’

166 1129 211 1185 Eo
227 1127 342 1186 deinde
358 1137 537 1204 perventum
555 1137 611 1199 est,
629 1138 662 1186 ut
679 1130 847 1186 Fortunata
869 1126 1005 1185 armillas
1028 1147 1099 1186 suas
1123 1127 1323 1186 crassissimis
1353 1131 1369 1191 5

123 1227 300 1287 detraheret
322 1228 444 1286 lacertis
469 1228 687 1303 Scintillaeque
711 1228 834 1286 miranti
856 1228 1043 1287 ostenderet.
1089 1228 1208 1286 Ultimo
1230 1227 1322 1287 etiarn

124 1328 323 1402 periscelides
339 1329 465 1387 resolvit
480 1338 511 1387 et
526 1328 688 1386 reticulum
704 1348 840 1400 aureum,
858 1347 949 1403 quem
961 1347 998 1386 ex
1014 1328 1144 1386 obrussa
1159 1347 1228 1386 esse
1243 1329 1323 1387 dice

123 1428 185 1486 bat.
233 1429 361 1487 Notavit
384 1431 460 1488 haec
482 1428 671 1487 Trimalchio
694 1429 845 1504 iussitque
868 1428 971 1487 afferri
994 1428 1097 1487 omnia
1120 1439 1151 1486 et
1175 1428 1321 1487 ‘videtis'

123 1530 224 1605 inquit
241 1530 396 1589 ‘mulieris
412 1531 595 1607 compedes:
613 1531 657 1588 sic
673 1549 729 1588 nos
745 1531 887 1588 barcalae
899 1528 1118 1606 despoliamur.
1144 1530 1203 1588 Sex
1219 1529 1323 1604 pordo

123 1639 152 1687 et
168 1631 316 1689 selibram
332 1632 425 1689 debet
440 1632 564 1690 habere.
610 1633 649 1688 Et
664 1630 730 1705 ipse
746 1629 842 1688 nihilo
859 1630 960 1687 minus
977 1630 1077 1688 habeo
1093 1630 1200 1688 decern
1216 1630 1322 1705 pondo
1335 1649 1372 1687 10

121 1732 271 1788 armillam
289 1750 326 1789 ex
348 1731 520 1790 millesimis
546 1732 693 1789 Mercurii
705 1731 840 1789 factam)
885 1730 1003 1788 Ultimo
1026 1730 1126 1801 etiarn,
1145 1749 1182 1789 ne
1199 1730 1322 1788 mentiri

121 1830 284 1903 videretur,
309 1841 455 1890 stateram
478 1832 568 1889 iussit
591 1831 694 1889 afferri
717 1823 747 1890 et
762 1830 974 1889 circumlatum
998 1830 1162 1906 approbari
1189 1831 1320 1906 pondus,

124 1934 191 1990 Nec
208 1932 315 1990 melior
332 1931 479 2005 Scintilla,
505 1952 584 2007 quae
599 1932 639 1991 de
655 1931 773 1990 cervice
790 1951 846 1990 sua
867 1931 1035 2006 capsellam
1059 1931 1191 1990 detraxit
1220 1951 1323 1991 aureo

123 2032 193 2103 lam,
212 2051 304 2107 quarn
318 2032 504 2091 Felicionem
521 2032 706 2109 appellabat.
753 2032 832 2090 Inde
847 2032 910 2090 duo
926 2030 1054 2089 crotalia
1070 2031 1196 2107 protulit
1207 2041 1237 2090 et
1253 2034 1278 2089 F
1280 2052 1323 2091 or·

124 2142 250 2204 tunatae
262 2132 293 2190 in
309 2132 407 2192 vicem
423 2133 651 2191 consideranda
667 2132 753 2191 dedit
768 2142 799 2191 et
816 2132 968 2190 ‘domini'
986 2132 1084 2208 inquit
1100 2133 1159 2190 mei
1172 2133 1323 2191 beneficio
1336 2145 1370 2205 15

124 2252 217 2291 nemo
232 2234 326 2291 habet
341 2233 488 2292 meliora!
535 2233 639 2305 ‘Quid
651 2234 679 2291 ?'
703 2232 802 2308 inquit
819 2232 985 2291 Habinnas
1003 2232 1248 2292 ‘excatarissasti
1265 2252 1334 2305 me,.

124 2344 156 2392 ut
172 2334 228 2392 tibi
244 2353 376 2393 emerem
406 2334 511 2391 fabam
534 2333 671 2391 vitream.
718 2334 814 2391 Plane
831 2334 856 2391 si
871 2333 965 2391 liliam
988 2335 1143 2405 haberem,
1168 2333 1322 2392 auriculas

124 2434 167 2491 illi
184 2434 402 2510 praeciderem.
449 2433 596 2493 Mulieres
609 2435 635 2493 si
651 2453 714 2492 non
726 2443 839 2503 essent,
859 2434 962 2492 omnia
977 2453 1033 2509 pro
1049 2434 1112 2492 luto
1128 2435 1322 2493 haberemus.

167 2534 295 2592 Interim
320 2534 463 2592 mulieres
487 2535 609 2592 sauciae
633 2534 711 2592 inter
741 2553 774 2592 se
804 2534 937 2592 riserunt
959 2535 1125 2609 ebriaeque
1162 2535 1325 2601 iunxerunt

124 2634 240 2702 oscula,
258 2635 331 2692 dum
349 2635 443 2691 altera
459 2633 651 2709 diligentiam
675 2634 780 2692 matris
796 2633 933 2693 familiae
957 2635 1060 2706 iactat,
1078 2635 1174 2693 altera
1196 2634 1324 2694 delicias
1336 2647 1375 2684 20

123 2745 154 2792 et
169 2733 396 2811 indiligentiam
413 2734 479 2792 viri.
1201 2794 1206 2802 ,

169 2835 358 2910 Interposito
374 2834 487 2893 deinde
500 2834 600 2910 spatio
616 2853 686 2892 cum
702 2834 857 2893 secundas
873 2854 997 2893 mensas
1019 2834 1206 2893 Trimalchio
1222 2836 1326 2895 iussis2

126 2944 175 2993 set
198 2934 309 3007 afferri,
349 2936 541 2993 sustulerunt
574 2935 655 2993 servi
691 2954 800 2993 omnes
838 2953 962 2993 mensas
985 2945 1016 2994 et
1038 2934 1115 2993 alias
1148 2937 1323 3009 attulerunt,

126 3036 314 3110 scobemque
330 3055 421 3094 croco
434 3045 464 3093 et
480 3034 574 3093 minio
590 3034 716 3093 tinctam
733 3045 916 3110 sparserunt
927 3044 966 3107 et,
981 3036 1064 3110 quod
1081 3055 1238 3111 nunquam
1254 3047 1325 3095 ante

126 3137 272 3207 videram,
290 3155 327 3194 ex
342 3135 443 3211 lapide
470 3131 623 3210 speculari
652 3136 810 3211 pulverem
840 3135 952 3195 tritum.
1000 3136 1108 3195 Statim
1138 3137 1372 3203 Trimalchio25

127 3243 286 3311 ‘poteram
309 3235 450 3311 quidem’
480 3236 581 3311 inquit
598 3237 675 3294 ‘hoc
703 3235 834 3294 fericulo
864 3255 933 3294 esse
963 3246 1147 3309 contentus3
1172 3238 1325 3296 secundas

126 3337 207 3395 enirn
225 3355 348 3395 mensas
364 3337 495 3394 habetis
541 3336 601 3394 Sed
612 3336 637 3394 si
654 3336 729 3411 quid
743 3334 817 3395 belli
832 3337 939 3406 habea,
958 3335 1054 3394 affer.’

168 3437 297 3495 Interim
326 3456 401 3511 puer
431 3437 669 3508 Alexandrinus,
694 3437 746 3512 qui
782 3437 904 3495 caldam
938 3436 1140 3509 ministrabat,
1178 3438 1324 3496 luscinias

126 3538 229 3614 coepit
243 3537 355 3595 imitari
371 3537 523 3595 clamante
539 3536 767 3595 Trimalchione
783 3536 935 3595 subinde:
982 3539 1106 3596 ‘muta'
1151 3540 1231 3597 Ecce
1247 3539 1325 3596 alius

128 3638 227 3696 ludus.
274 3638 386 3696 Servus
416 3638 468 3712 qui
491 3637 531 3695 ad
554 3638 650 3714 pedes
681 3638 850 3696 Habinnae
873 3638 1013 3710 sedebat,
1038 3638 1149 3710 iussus,
1181 3640 1282 3711 credo,
1307 3644 1375 3699 ³30

127 3739 252 3796 domino
269 3757 334 3809 suo,
352 3739 554 3813 proclamavit
569 3738 671 3796 subito
685 3757 798 3797 canora
813 3757 908 3796 voce:

337 3841 478 3896 ‘Interea
490 3838 624 3897 medium
642 3840 765 3897 Aeneas
781 3837 842 3895 iam
855 3840 954 3897 classe
970 3840 1117 3899 tenebat’

130 3939 240 3997 Nullus
264 3957 358 3996 sonus
381 3957 518 4014 unquam
541 3937 658 3997 acidior
692 3939 848 4014 percussit
870 3958 959 3998 aures
984 3958 1085 4012 meas;
1109 3959 1179 3997 nam
1202 3950 1326 4016 praeter

128 4039 259 4098 errantis
280 4039 443 4098 barbariae
459 4048 512 4097 aut
528 4029 685 4097 adiectum¹
705 4049 758 4097 aut
774 4040 965 4099 deminutum
988 4040 1152 4099 clamorem
1176 4041 1326 4100 miscebat

129 4139 319 4199 Atellanicos
342 4160 457 4211 versus,
482 4150 515 4198 ut
531 4151 604 4199 tunc
625 4142 759 4216 primum
782 4160 831 4200 me
854 4142 947 4199 etiarn
970 4141 1126 4218 Vergilius
1149 4142 1373 4214 offenderit.35

131 4242 276 4299 Plausum
301 4249 413 4312 tamen,
430 4260 500 4299 cum
517 4241 684 4315 aliquando
714 4240 855 4312 desisset,
874 4240 985 4299 adiecit
1008 4242 1173 4300 Habinnas
1188 4251 1219 4302 et
1235 4250 1326 4301 ‘nun-

129 4342 229 4416 qurm'
246 4340 346 4416 inquit
363 4340 486 4413 ‘didicit
501 4342 555 4399 sed
571 4360 629 4417 ego
641 4342 680 4399 ad
696 4342 895 4400 circulatores
906 4360 974 4400 eurn
989 4341 1139 4401 mittendo
1154 4343 1323 4402 erudibam.

130 4443 238 4516 ltaque
255 4459 361 4516 parem
373 4441 549 4512 nonhabet,
565 4441 629 4499 sive
645 4442 796 4500 muliones
812 4442 894 4500 volet
909 4442 973 4500 sive
989 4442 1187 4502 circulatores
1203 4443 1323 4502 imitari.

131 4542 335 4617 Desperatum
359 4542 449 4600 valde
473 4542 651 4618 ingeniosus
668 4552 730 4600 est:
755 4543 835 4600 idern
853 4551 939 4600 sutor
954 4553 1009 4614 est,
1027 4543 1108 4601 idem
1124 4562 1225 4616 cocus,
1243 4545 1324 4604 idern

130 4642 234 4717 pistor,
259 4640 361 4699 omnis
383 4661 489 4700 musae
513 4640 708 4718 mancipium.
754 4644 874 4701 Tamen
895 4642 969 4700 vitia
992 4645 1093 4716 habet,
1119 4664 1198 4720 quae
1215 4644 1241 4703 si
1263 4656 1375 4707 non40

128 4743 263 4814 haberet,
280 4742 508 4800 essetomnium
525 4762 701 4802 numerum:
719 4761 790 4800 narn
807 4743 889 4819 quod
906 4744 1070 4815 strabonus
1085 4754 1141 4816 est,
1156 4765 1217 4804 non
1233 4765 1324 4819 curo;
