<?xml version="1.0" encoding="UTF-8"?>
<!DOCTYPE html PUBLIC "-//W3C//DTD XHTML 1.0 Transitional//EN"
    "http://www.w3.org/TR/xhtml1/DTD/xhtml1-transitional.dtd">
<html xmlns="http://www.w3.org/1999/xhtml" xml:lang="en" lang="en">
 <head>
  <title>
</title>
<meta http-equiv="Content-Type" content="text/html;charset=utf-8" />
  <meta name='ocr-system' content='tesseract 3.04.00' />
  <meta name='ocr-capabilities' content='ocr_page ocr_carea ocr_par ocr_line ocrx_word'/>
</head>
<body>
  <div class='ocr_page' id='page_1' title='image "./cenatrimalchion00crowgoog_0044.png"; bbox 0 0 3217 5417; ppageno 0'>
   <div class='ocr_carea' id='block_1_1' title="bbox 845 546 882 601">
    <p class='ocr_par' dir='ltr' id='par_1_1' title="bbox 845 546 882 601">
     <span class='ocr_line' id='line_1_1' title="bbox 845 546 882 601; baseline 0 0"><span class='ocrx_word' id='word_1_1' title='bbox 845 546 882 601; x_wconf 87' lang='lat'><strong>28</strong></span> 
     </span>
    </p>
   </div>
   <div class='ocr_carea' id='block_1_2' title="bbox 173 716 1520 4811">
    <p class='ocr_par' dir='ltr' id='par_1_2' title="bbox 173 716 1476 4011">
     <span class='ocr_line' id='line_1_2' title="bbox 270 716 1469 801; baseline 0.003 -22"><span class='ocrx_word' id='word_1_2' title='bbox 270 725 357 783; x_wconf 88' lang='lat' dir='ltr'><strong>navis</strong></span> <span class='ocrx_word' id='word_1_3' title='bbox 379 716 521 801; x_wconf 85' lang='lat' dir='ltr'><strong>magnam</strong></span> <span class='ocrx_word' id='word_1_4' title='bbox 544 726 756 784; x_wconf 81' lang='lat' dir='ltr'><strong>fortitudinem</strong></span> <span class='ocrx_word' id='word_1_5' title='bbox 779 726 882 784; x_wconf 90' lang='lat' dir='ltr'><strong>habet.</strong></span> <span class='ocrx_word' id='word_1_6' title='bbox 926 725 1062 784; x_wconf 90' lang='lat' dir='ltr'>Oneravi</span> <span class='ocrx_word' id='word_1_7' title='bbox 1085 744 1190 783; x_wconf 90' lang='lat' dir='ltr'><strong>rursus</strong></span> <span class='ocrx_word' id='word_1_8' title='bbox 1205 726 1318 792; x_wconf 89' lang='lat' dir='ltr'><strong>vinum,</strong></span> <span class='ocrx_word' id='word_1_9' title='bbox 1336 725 1469 797; x_wconf 91' lang='lat' dir='ltr'><strong>lardum,</strong></span> 
     </span>
     <span class='ocr_line' id='line_1_3' title="bbox 267 823 1471 902; baseline 0.002 -22"><span class='ocrx_word' id='word_1_10' title='bbox 267 823 381 897; x_wconf 86' lang='lat' dir='ltr'><strong>fabam,</strong></span> <span class='ocrx_word' id='word_1_11' title='bbox 400 825 575 900; x_wconf 90' lang='lat' dir='ltr'><strong>seplasium,</strong></span> <span class='ocrx_word' id='word_1_12' title='bbox 593 825 756 902; x_wconf 88' lang='lat' dir='ltr'><strong>mancipia.</strong></span> <span class='ocrx_word' id='word_1_13' title='bbox 803 826 874 884; x_wconf 91' lang='lat' dir='ltr'><strong>Hoc</strong></span> <span class='ocrx_word' id='word_1_14' title='bbox 898 826 966 884; x_wconf 94' lang='lat' dir='ltr'><strong>loco</strong></span> <span class='ocrx_word' id='word_1_15' title='bbox 991 828 1160 884; x_wconf 90' lang='lat' dir='ltr'><strong>Fortunata</strong></span> <span class='ocrx_word' id='word_1_16' title='bbox 1182 844 1245 884; x_wconf 92' lang='lat' dir='ltr'><strong>rem</strong></span> <span class='ocrx_word' id='word_1_17' title='bbox 1268 826 1351 901; x_wconf 89' lang='lat' dir='ltr'><strong>piam</strong></span> <span class='ocrx_word' id='word_1_18' title='bbox 1373 825 1471 897; x_wconf 78' lang='lat' dir='ltr'><strong>lecit3</strong></span> 
     </span>
     <span class='ocr_line' id='line_1_4' title="bbox 269 925 1471 996; baseline 0.001 -15"><span class='ocrx_word' id='word_1_19' title='bbox 269 943 359 982; x_wconf 89' lang='lat' dir='ltr'><strong>omne</strong></span> <span class='ocrx_word' id='word_1_20' title='bbox 382 925 464 982; x_wconf 86' lang='lat' dir='ltr'><strong>enim</strong></span> <span class='ocrx_word' id='word_1_21' title='bbox 487 944 594 982; x_wconf 90' lang='lat' dir='ltr'><strong>aurum</strong></span> <span class='ocrx_word' id='word_1_22' title='bbox 619 945 716 996; x_wconf 88' lang='lat' dir='ltr'><strong>suum,</strong></span> <span class='ocrx_word' id='word_1_23' title='bbox 734 926 838 984; x_wconf 89' lang='lat' dir='ltr'><strong>onmia</strong></span> <span class='ocrx_word' id='word_1_24' title='bbox 860 926 1044 984; x_wconf 88' lang='lat' dir='ltr'><strong>vestimenta</strong></span> <span class='ocrx_word' id='word_1_25' title='bbox 1068 925 1205 983; x_wconf 89' lang='lat' dir='ltr'><strong>vendidit</strong></span> <span class='ocrx_word' id='word_1_26' title='bbox 1227 934 1258 984; x_wconf 88' lang='lat' dir='ltr'><strong>et</strong></span> <span class='ocrx_word' id='word_1_27' title='bbox 1280 926 1320 982; x_wconf 91' lang='lat' dir='ltr'><strong>mi</strong></span> <span class='ocrx_word' id='word_1_28' title='bbox 1343 934 1471 984; x_wconf 89' lang='lat' dir='ltr'><strong>centurn</strong></span> 
     </span>
     <span class='ocr_line' id='line_1_5' title="bbox 270 1024 1471 1102; baseline 0.002 -21"><span class='ocrx_word' id='word_1_29' title='bbox 270 1042 379 1082; x_wconf 89' lang='lat' dir='ltr'><strong>aureos</strong></span> <span class='ocrx_word' id='word_1_30' title='bbox 395 1024 426 1081; x_wconf 91' lang='lat' dir='ltr'><strong>in</strong></span> <span class='ocrx_word' id='word_1_31' title='bbox 444 1043 535 1082; x_wconf 88' lang='lat' dir='ltr'><strong>manu</strong></span> <span class='ocrx_word' id='word_1_32' title='bbox 558 1025 669 1100; x_wconf 85' lang='lat' dir='ltr'>posuit.</span> <span class='ocrx_word' id='word_1_33' title='bbox 716 1026 787 1083; x_wconf 93' lang='lat' dir='ltr'><strong>Hoc</strong></span> <span class='ocrx_word' id='word_1_34' title='bbox 809 1025 867 1083; x_wconf 83' lang='lat' dir='ltr'><strong>luit</strong></span> <span class='ocrx_word' id='word_1_35' title='bbox 883 1025 995 1102; x_wconf 90' lang='lat' dir='ltr'><strong>peculii</strong></span> <span class='ocrx_word' id='word_1_36' title='bbox 1018 1027 1078 1085; x_wconf 91' lang='lat' dir='ltr'><strong>mei</strong></span> <span class='ocrx_word' id='word_1_37' title='bbox 1100 1027 1293 1084; x_wconf 81' lang='lat' dir='ltr'><strong>fermentum.</strong></span> <span class='ocrx_word' id='word_1_38' title='bbox 1339 1024 1411 1084; x_wconf 90' lang='lat' dir='ltr'><strong>Cito</strong></span> <span class='ocrx_word' id='word_1_39' title='bbox 1434 1025 1471 1083; x_wconf 88' lang='lat' dir='ltr'><strong>fit</strong></span> 
     </span>
     <span class='ocr_line' id='line_1_6' title="bbox 220 1124 1471 1206; baseline 0.001 -25"><span class='ocrx_word' id='word_1_40' title='bbox 220 1146 235 1206; x_wconf 86' lang='lat'>5</span> <span class='ocrx_word' id='word_1_41' title='bbox 270 1124 353 1199; x_wconf 89' lang='lat' dir='ltr'><strong>quod</strong></span> <span class='ocrx_word' id='word_1_42' title='bbox 369 1124 400 1182; x_wconf 94' lang='lat' dir='ltr'><strong>di</strong></span> <span class='ocrx_word' id='word_1_43' title='bbox 415 1126 531 1183; x_wconf 90' lang='lat' dir='ltr'><strong>volunt.</strong></span> <span class='ocrx_word' id='word_1_44' title='bbox 563 1126 637 1183; x_wconf 90' lang='lat' dir='ltr'><strong>Uno</strong></span> <span class='ocrx_word' id='word_1_45' title='bbox 652 1144 743 1183; x_wconf 92' lang='lat' dir='ltr'><strong>cursu</strong></span> <span class='ocrx_word' id='word_1_46' title='bbox 758 1126 877 1184; x_wconf 85' lang='lat' dir='ltr'><strong>centies</strong></span> <span class='ocrx_word' id='word_1_47' title='bbox 893 1126 1068 1184; x_wconf 85' lang='lat' dir='ltr'><strong>sestertium</strong></span> <span class='ocrx_word' id='word_1_48' title='bbox 1083 1126 1310 1185; x_wconf 90' lang='lat' dir='ltr'><strong>corrotundavi.</strong></span> <span class='ocrx_word' id='word_1_49' title='bbox 1357 1126 1471 1184; x_wconf 82' lang='lat' dir='ltr'>Statim</span> 
     </span>
     <span class='ocr_line' id='line_1_7' title="bbox 269 1224 1469 1301; baseline 0.001 -20"><span class='ocrx_word' id='word_1_50' title='bbox 269 1225 385 1283; x_wconf 89' lang='lat' dir='ltr'><strong>redemi</strong></span> <span class='ocrx_word' id='word_1_51' title='bbox 407 1226 523 1284; x_wconf 79' lang='lat' dir='ltr'><strong>fundos</strong></span> <span class='ocrx_word' id='word_1_52' title='bbox 545 1245 662 1297; x_wconf 78' lang='lat' dir='ltr'><strong>omneS,</strong></span> <span class='ocrx_word' id='word_1_53' title='bbox 686 1224 738 1301; x_wconf 92' lang='lat' dir='ltr'><strong>qui</strong></span> <span class='ocrx_word' id='word_1_54' title='bbox 761 1226 884 1301; x_wconf 90' lang='lat' dir='ltr'><strong>patroni</strong></span> <span class='ocrx_word' id='word_1_55' title='bbox 907 1227 966 1284; x_wconf 91' lang='lat' dir='ltr'><strong>mei</strong></span> <span class='ocrx_word' id='word_1_56' title='bbox 988 1227 1120 1284; x_wconf 85' lang='lat' dir='ltr'><strong>fuerant.</strong></span> <span class='ocrx_word' id='word_1_57' title='bbox 1165 1226 1306 1284; x_wconf 84' lang='lat' dir='ltr'><strong>Aedifico</strong></span> <span class='ocrx_word' id='word_1_58' title='bbox 1328 1226 1469 1295; x_wconf 91' lang='lat' dir='ltr'><strong>domum,</strong></span> 
     </span>
     <span class='ocr_line' id='line_1_8' title="bbox 269 1324 1470 1403; baseline -0.001 -20"><span class='ocrx_word' id='word_1_59' title='bbox 269 1324 420 1384; x_wconf 90' lang='lat' dir='ltr'><strong>venalicia</strong></span> <span class='ocrx_word' id='word_1_60' title='bbox 443 1343 551 1384; x_wconf 89' lang='lat' dir='ltr'><strong>coemo</strong></span> <span class='ocrx_word' id='word_1_61' title='bbox 574 1326 728 1397; x_wconf 90' lang='lat' dir='ltr'><strong>iumenta;</strong></span> <span class='ocrx_word' id='word_1_62' title='bbox 766 1326 915 1402; x_wconf 88' lang='lat' dir='ltr'><strong>quicquid</strong></span> <span class='ocrx_word' id='word_1_63' title='bbox 937 1327 1112 1403; x_wconf 83' lang='lat' dir='ltr'><strong>tangebam,</strong></span> <span class='ocrx_word' id='word_1_64' title='bbox 1136 1326 1296 1384; x_wconf 90' lang='lat' dir='ltr'><strong>crescebat</strong></span> <span class='ocrx_word' id='word_1_65' title='bbox 1318 1336 1470 1402; x_wconf 87' lang='lat' dir='ltr'><strong>tanquam</strong></span> 
     </span>
     <span class='ocr_line' id='line_1_9' title="bbox 268 1426 1469 1503; baseline 0.002 -21"><span class='ocrx_word' id='word_1_66' title='bbox 268 1426 367 1484; x_wconf 81' lang='lat' dir='ltr'><strong>favus,</strong></span> <span class='ocrx_word' id='word_1_67' title='bbox 413 1428 580 1501; x_wconf 91' lang='lat' dir='ltr'><strong>Postquam</strong></span> <span class='ocrx_word' id='word_1_68' title='bbox 604 1426 692 1503; x_wconf 91' lang='lat' dir='ltr'><strong>coepi</strong></span> <span class='ocrx_word' id='word_1_69' title='bbox 708 1427 778 1502; x_wconf 92' lang='lat' dir='ltr'><strong>plus</strong></span> <span class='ocrx_word' id='word_1_70' title='bbox 800 1427 924 1498; x_wconf 90' lang='lat' dir='ltr'><strong>habere,</strong></span> <span class='ocrx_word' id='word_1_71' title='bbox 948 1446 1040 1502; x_wconf 94' lang='lat' dir='ltr'><strong>quam</strong></span> <span class='ocrx_word' id='word_1_72' title='bbox 1063 1437 1128 1485; x_wconf 90' lang='lat' dir='ltr'><strong>tota</strong></span> <span class='ocrx_word' id='word_1_73' title='bbox 1151 1428 1249 1503; x_wconf 90' lang='lat' dir='ltr'><strong>patria</strong></span> <span class='ocrx_word' id='word_1_74' title='bbox 1272 1446 1340 1484; x_wconf 91' lang='lat' dir='ltr'><strong>mea</strong></span> <span class='ocrx_word' id='word_1_75' title='bbox 1362 1427 1469 1497; x_wconf 86' lang='lat' dir='ltr'><strong>habet,</strong></span> 
     </span>
     <span class='ocr_line' id='line_1_10' title="bbox 269 1525 1471 1603; baseline 0.002 -21"><span class='ocrx_word' id='word_1_76' title='bbox 269 1544 393 1583; x_wconf 91' lang='lat' dir='ltr'><strong>manum</strong></span> <span class='ocrx_word' id='word_1_77' title='bbox 417 1527 455 1584; x_wconf 90' lang='lat' dir='ltr'><strong>de</strong></span> <span class='ocrx_word' id='word_1_78' title='bbox 485 1527 609 1585; x_wconf 90' lang='lat' dir='ltr'><strong>tabula:</strong></span> <span class='ocrx_word' id='word_1_79' title='bbox 655 1525 763 1584; x_wconf 90' lang='lat' dir='ltr'><strong>sustuli</strong></span> <span class='ocrx_word' id='word_1_80' title='bbox 800 1545 849 1585; x_wconf 92' lang='lat' dir='ltr'><strong>me</strong></span> <span class='ocrx_word' id='word_1_81' title='bbox 872 1526 910 1585; x_wconf 92' lang='lat' dir='ltr'><strong>de</strong></span> <span class='ocrx_word' id='word_1_82' title='bbox 934 1527 1142 1603; x_wconf 86' lang='lat' dir='ltr'><strong>negotiatione</strong></span> <span class='ocrx_word' id='word_1_83' title='bbox 1165 1537 1195 1585; x_wconf 90' lang='lat' dir='ltr'><strong>et</strong></span> <span class='ocrx_word' id='word_1_84' title='bbox 1218 1526 1306 1601; x_wconf 91' lang='lat' dir='ltr'><strong>coepi</strong></span> <span class='ocrx_word' id='word_1_85' title='bbox 1340 1527 1471 1584; x_wconf 89' lang='lat' dir='ltr'><strong>libertos</strong></span> 
     </span>
     <span class='ocr_line' id='line_1_11' title="bbox 222 1626 1471 1703; baseline -0.002 -17"><span class='ocrx_word' id='word_1_86' title='bbox 222 1627 437 1686; x_wconf 85' lang='lat' dir='ltr'><strong>rolaenerare.</strong></span> <span class='ocrx_word' id='word_1_87' title='bbox 482 1629 520 1685; x_wconf 91' lang='lat' dir='ltr'><strong>Et</strong></span> <span class='ocrx_word' id='word_1_88' title='bbox 535 1645 611 1685; x_wconf 89' lang='lat' dir='ltr'><strong>sane</strong></span> <span class='ocrx_word' id='word_1_89' title='bbox 633 1628 789 1685; x_wconf 88' lang='lat' dir='ltr'><strong>nolentem</strong></span> <span class='ocrx_word' id='word_1_90' title='bbox 813 1646 861 1685; x_wconf 94' lang='lat' dir='ltr'><strong>me</strong></span> <span class='ocrx_word' id='word_1_91' title='bbox 878 1628 1033 1703; x_wconf 86' lang='lat' dir='ltr'><strong>negotium</strong></span> <span class='ocrx_word' id='word_1_92' title='bbox 1056 1646 1158 1685; x_wconf 94' lang='lat' dir='ltr'><strong>meum</strong></span> <span class='ocrx_word' id='word_1_93' title='bbox 1182 1646 1272 1702; x_wconf 89' lang='lat' dir='ltr'><strong>agere</strong></span> <span class='ocrx_word' id='word_1_94' title='bbox 1295 1626 1471 1685; x_wconf 82' lang='lat' dir='ltr'><strong>exhortavit</strong></span> 
     </span>
     <span class='ocr_line' id='line_1_12' title="bbox 269 1726 1476 1810; baseline -0.001 -26"><span class='ocrx_word' id='word_1_95' title='bbox 269 1726 513 1798; x_wconf 87' lang='lat' dir='ltr'><strong>mathematicus,</strong></span> <span class='ocrx_word' id='word_1_96' title='bbox 545 1727 598 1803; x_wconf 92' lang='lat' dir='ltr'><strong>qui</strong></span> <span class='ocrx_word' id='word_1_97' title='bbox 627 1737 753 1786; x_wconf 90' lang='lat' dir='ltr'><strong>venerat</strong></span> <span class='ocrx_word' id='word_1_98' title='bbox 775 1728 854 1786; x_wconf 86' lang='lat' dir='ltr'><strong>forte</strong></span> <span class='ocrx_word' id='word_1_99' title='bbox 883 1728 915 1785; x_wconf 90' lang='lat' dir='ltr'><strong>in</strong></span> <span class='ocrx_word' id='word_1_100' title='bbox 944 1728 1098 1786; x_wconf 89' lang='lat' dir='ltr'><strong>coloniam</strong></span> <span class='ocrx_word' id='word_1_101' title='bbox 1121 1737 1267 1799; x_wconf 90' lang='lat' dir='ltr'><strong>nostram,</strong></span> <span class='ocrx_word' id='word_1_102' title='bbox 1292 1726 1476 1810; x_wconf 80' lang='lat' dir='ltr'><strong>Graeculi0,</strong></span> 
     </span>
     <span class='ocr_line' id='line_1_13' title="bbox 270 1826 1470 1903; baseline -0.001 -19"><span class='ocrx_word' id='word_1_103' title='bbox 270 1827 386 1901; x_wconf 88' lang='lat' dir='ltr'><strong>Serapa</strong></span> <span class='ocrx_word' id='word_1_104' title='bbox 408 1826 541 1897; x_wconf 89' lang='lat' dir='ltr'><strong>nomine,</strong></span> <span class='ocrx_word' id='word_1_105' title='bbox 566 1827 744 1885; x_wconf 88' lang='lat' dir='ltr'><strong>consiliator</strong></span> <span class='ocrx_word' id='word_1_106' title='bbox 765 1827 903 1885; x_wconf 88' lang='lat' dir='ltr'><strong>deorum.</strong></span> <span class='ocrx_word' id='word_1_107' title='bbox 949 1827 1012 1886; x_wconf 91' lang='lat' dir='ltr'><strong>Hic</strong></span> <span class='ocrx_word' id='word_1_108' title='bbox 1028 1827 1102 1884; x_wconf 92' lang='lat' dir='ltr'><strong>mihi</strong></span> <span class='ocrx_word' id='word_1_109' title='bbox 1124 1827 1200 1885; x_wconf 87' lang='lat' dir='ltr'><strong>dixit</strong></span> <span class='ocrx_word' id='word_1_110' title='bbox 1216 1826 1306 1885; x_wconf 91' lang='lat' dir='ltr'><strong>etiam</strong></span> <span class='ocrx_word' id='word_1_111' title='bbox 1323 1845 1368 1898; x_wconf 87' lang='lat' dir='ltr'><strong>ea,</strong></span> <span class='ocrx_word' id='word_1_112' title='bbox 1387 1844 1470 1903; x_wconf 94' lang='lat' dir='ltr'><strong>quae</strong></span> 
     </span>
     <span class='ocr_line' id='line_1_14' title="bbox 268 1926 1470 2004; baseline 0 -20"><span class='ocrx_word' id='word_1_113' title='bbox 268 1926 384 1985; x_wconf 91' lang='lat' dir='ltr'><strong>oblitus</strong></span> <span class='ocrx_word' id='word_1_114' title='bbox 407 1946 513 1999; x_wconf 71' lang='lat' dir='ltr'><strong>eram,</strong></span> <span class='ocrx_word' id='word_1_115' title='bbox 538 1927 576 1984; x_wconf 92' lang='lat' dir='ltr'><strong>ab</strong></span> <span class='ocrx_word' id='word_1_116' title='bbox 600 1928 667 1985; x_wconf 90' lang='lat' dir='ltr'><strong>acia</strong></span> <span class='ocrx_word' id='word_1_117' title='bbox 689 1938 720 1986; x_wconf 89' lang='lat' dir='ltr'><strong>et</strong></span> <span class='ocrx_word' id='word_1_118' title='bbox 743 1946 800 1986; x_wconf 91' lang='lat' dir='ltr'><strong>acu</strong></span> <span class='ocrx_word' id='word_1_119' title='bbox 824 1927 864 1985; x_wconf 89' lang='lat' dir='ltr'><strong>mi</strong></span> <span class='ocrx_word' id='word_1_120' title='bbox 887 1929 991 1986; x_wconf 91' lang='lat' dir='ltr'><strong>omnia</strong></span> <span class='ocrx_word' id='word_1_121' title='bbox 1013 1928 1173 2004; x_wconf 73' lang='lat' dir='ltr'><strong>exposuit,</strong></span> <span class='ocrx_word' id='word_1_122' title='bbox 1197 1927 1357 1985; x_wconf 87' lang='lat' dir='ltr'><strong>intestinas</strong></span> <span class='ocrx_word' id='word_1_123' title='bbox 1382 1945 1470 1984; x_wconf 90' lang='lat' dir='ltr'><strong>meas</strong></span> 
     </span>
     <span class='ocr_line' id='line_1_15' title="bbox 269 2027 1467 2104; baseline 0.002 -21"><span class='ocrx_word' id='word_1_124' title='bbox 269 2036 404 2099; x_wconf 91' lang='lat' dir='ltr'><strong>noverat,</strong></span> <span class='ocrx_word' id='word_1_125' title='bbox 428 2036 548 2086; x_wconf 89' lang='lat' dir='ltr'><strong>tantum</strong></span> <span class='ocrx_word' id='word_1_126' title='bbox 575 2028 658 2102; x_wconf 93' lang='lat' dir='ltr'><strong>quod</strong></span> <span class='ocrx_word' id='word_1_127' title='bbox 681 2027 755 2084; x_wconf 91' lang='lat' dir='ltr'><strong>mihi</strong></span> <span class='ocrx_word' id='word_1_128' title='bbox 778 2047 840 2085; x_wconf 91' lang='lat' dir='ltr'><strong>non</strong></span> <span class='ocrx_word' id='word_1_129' title='bbox 873 2028 1000 2100; x_wconf 86' lang='lat' dir='ltr'><strong>dixerat,</strong></span> <span class='ocrx_word' id='word_1_130' title='bbox 1025 2028 1099 2104; x_wconf 93' lang='lat' dir='ltr'><strong>quid</strong></span> <span class='ocrx_word' id='word_1_131' title='bbox 1136 2028 1235 2103; x_wconf 91' lang='lat' dir='ltr'><strong>pridie</strong></span> <span class='ocrx_word' id='word_1_132' title='bbox 1272 2046 1467 2085; x_wconf 89' lang='lat' dir='ltr'><strong>cenaveram.</strong></span> 
     </span>
     <span class='ocr_line' id='line_1_16' title="bbox 222 2127 1470 2204; baseline 0.002 -21"><span class='ocrx_word' id='word_1_133' title='bbox 222 2143 255 2204; x_wconf 86' lang='lat'><strong>15</strong></span> <span class='ocrx_word' id='word_1_134' title='bbox 269 2128 415 2185; x_wconf 88' lang='lat' dir='ltr'><strong>Putasses</strong></span> <span class='ocrx_word' id='word_1_135' title='bbox 438 2127 523 2184; x_wconf 92' lang='lat' dir='ltr'><strong>illum</strong></span> <span class='ocrx_word' id='word_1_136' title='bbox 547 2146 667 2201; x_wconf 89' lang='lat' dir='ltr'><strong>semper</strong></span> <span class='ocrx_word' id='word_1_137' title='bbox 690 2146 809 2185; x_wconf 85' lang='lat' dir='ltr'><strong>mecum</strong></span> <span class='ocrx_word' id='word_1_138' title='bbox 833 2128 1000 2187; x_wconf 89' lang='lat' dir='ltr'><strong>habitasse.</strong></span> <span class='ocrx_word' id='word_1_139' title='bbox 1068 2130 1165 2204; x_wconf 91' lang='lat' dir='ltr'><strong>Rogo,</strong></span> <span class='ocrx_word' id='word_1_140' title='bbox 1199 2128 1470 2202; x_wconf 88' lang='lat' dir='ltr'><strong>Habinna—puto</strong></span> 
     </span>
     <span class='ocr_line' id='line_1_17' title="bbox 268 2226 1468 2302; baseline 0 -19"><span class='ocrx_word' id='word_1_141' title='bbox 268 2226 485 2285; x_wconf 78' lang='lat' dir='ltr'><strong>interfuisti—z</strong></span> <span class='ocrx_word' id='word_1_142' title='bbox 522 2233 583 2285; x_wconf 87' lang='lat' dir='ltr'><strong>“tu</strong></span> <span class='ocrx_word' id='word_1_143' title='bbox 599 2228 757 2285; x_wconf 90' lang='lat' dir='ltr'><strong>dominam</strong></span> <span class='ocrx_word' id='word_1_144' title='bbox 779 2237 863 2285; x_wconf 88' lang='lat' dir='ltr'><strong>tuam</strong></span> <span class='ocrx_word' id='word_1_145' title='bbox 881 2227 1027 2286; x_wconf 91' lang='lat' dir='ltr'><strong>derebus</strong></span> <span class='ocrx_word' id='word_1_146' title='bbox 1050 2228 1110 2286; x_wconf 91' lang='lat' dir='ltr'><strong>illis</strong></span> <span class='ocrx_word' id='word_1_147' title='bbox 1131 2228 1242 2287; x_wconf 81' lang='lat' dir='ltr'><strong>fecisti.</strong></span> <span class='ocrx_word' id='word_1_148' title='bbox 1287 2228 1335 2285; x_wconf 93' lang='lat' dir='ltr'><strong>Tu</strong></span> <span class='ocrx_word' id='word_1_149' title='bbox 1357 2245 1468 2302; x_wconf 88' lang='lat' dir='ltr'><strong>parum</strong></span> 
     </span>
     <span class='ocr_line' id='line_1_18' title="bbox 268 2327 1470 2405; baseline 0.002 -22"><span class='ocrx_word' id='word_1_150' title='bbox 268 2327 340 2385; x_wconf 80' lang='lat' dir='ltr'><strong>felix</strong></span> <span class='ocrx_word' id='word_1_151' title='bbox 357 2327 387 2384; x_wconf 93' lang='lat' dir='ltr'><strong>in</strong></span> <span class='ocrx_word' id='word_1_152' title='bbox 405 2328 520 2385; x_wconf 88' lang='lat' dir='ltr'><strong>amicos</strong></span> <span class='ocrx_word' id='word_1_153' title='bbox 537 2346 579 2386; x_wconf 80' lang='lat' dir='ltr'><strong>es</strong></span> <span class='ocrx_word' id='word_1_154' title='bbox 626 2330 726 2386; x_wconf 92' lang='lat' dir='ltr'><strong>Nemo</strong></span> <span class='ocrx_word' id='word_1_155' title='bbox 754 2347 889 2403; x_wconf 91' lang='lat' dir='ltr'><strong>unquam</strong></span> <span class='ocrx_word' id='word_1_156' title='bbox 912 2328 968 2386; x_wconf 92' lang='lat' dir='ltr'><strong>tibi</strong></span> <span class='ocrx_word' id='word_1_157' title='bbox 991 2347 1095 2405; x_wconf 89' lang='lat' dir='ltr'><strong>parem</strong></span> <span class='ocrx_word' id='word_1_158' title='bbox 1119 2328 1248 2405; x_wconf 87' lang='lat' dir='ltr'><strong>gratiam</strong></span> <span class='ocrx_word' id='word_1_159' title='bbox 1272 2328 1372 2386; x_wconf 83' lang='lat' dir='ltr'><strong>refert.</strong></span> <span class='ocrx_word' id='word_1_160' title='bbox 1419 2329 1470 2385; x_wconf 91' lang='lat' dir='ltr'><strong>Tu</strong></span> 
     </span>
     <span class='ocr_line' id='line_1_19' title="bbox 269 2427 1469 2505; baseline 0.001 -21"><span class='ocrx_word' id='word_1_161' title='bbox 269 2427 432 2486; x_wconf 75' lang='lat' dir='ltr'><strong>latifundia</strong></span> <span class='ocrx_word' id='word_1_162' title='bbox 447 2427 598 2502; x_wconf 79' lang='lat' dir='ltr'><strong>possides,</strong></span> <span class='ocrx_word' id='word_1_163' title='bbox 622 2429 670 2485; x_wconf 88' lang='lat' dir='ltr'><strong>Tu</strong></span> <span class='ocrx_word' id='word_1_164' title='bbox 686 2428 822 2503; x_wconf 89' lang='lat' dir='ltr'><strong>viperam</strong></span> <span class='ocrx_word' id='word_1_165' title='bbox 840 2429 897 2486; x_wconf 90' lang='lat' dir='ltr'><strong>sub</strong></span> <span class='ocrx_word' id='word_1_166' title='bbox 913 2428 960 2485; x_wconf 89' lang='lat' dir='ltr'><strong>ala</strong></span> <span class='ocrx_word' id='word_1_167' title='bbox 977 2430 1112 2487; x_wconf 90' lang='lat' dir='ltr'><strong>nutricas</strong></span> <span class='ocrx_word' id='word_1_168' title='bbox 1122 2430 1138 2454; x_wconf 89' lang='lat'><strong>&#39;&#39;</strong></span> <span class='ocrx_word' id='word_1_169' title='bbox 1154 2438 1185 2487; x_wconf 88' lang='lat' dir='ltr'><strong>et</strong></span> <span class='ocrx_word' id='word_1_170' title='bbox 1200 2429 1284 2505; x_wconf 92' lang='lat' dir='ltr'><strong>quod</strong></span> <span class='ocrx_word' id='word_1_171' title='bbox 1299 2428 1388 2487; x_wconf 92' lang='lat' dir='ltr'><strong>vobis</strong></span> <span class='ocrx_word' id='word_1_172' title='bbox 1404 2447 1469 2486; x_wconf 91' lang='lat' dir='ltr'><strong>non</strong></span> 
     </span>
     <span class='ocr_line' id='line_1_20' title="bbox 269 2527 1467 2605; baseline -0.001 -19"><span class='ocrx_word' id='word_1_173' title='bbox 269 2527 406 2599; x_wconf 87' lang='lat' dir='ltr'><strong>dixerim,</strong></span> <span class='ocrx_word' id='word_1_174' title='bbox 423 2538 454 2586; x_wconf 92' lang='lat' dir='ltr'><strong>et</strong></span> <span class='ocrx_word' id='word_1_175' title='bbox 471 2548 552 2586; x_wconf 91' lang='lat' dir='ltr'><strong>nunc</strong></span> <span class='ocrx_word' id='word_1_176' title='bbox 567 2528 608 2586; x_wconf 90' lang='lat' dir='ltr'><strong>mi</strong></span> <span class='ocrx_word' id='word_1_177' title='bbox 624 2538 740 2587; x_wconf 87' lang='lat' dir='ltr'><strong>restare</strong></span> <span class='ocrx_word' id='word_1_178' title='bbox 762 2528 843 2587; x_wconf 91' lang='lat' dir='ltr'><strong>vitae</strong></span> <span class='ocrx_word' id='word_1_179' title='bbox 867 2547 964 2586; x_wconf 87' lang='lat' dir='ltr'><strong>annos</strong></span> <span class='ocrx_word' id='word_1_180' title='bbox 987 2528 1111 2605; x_wconf 92' lang='lat' dir='ltr'><strong>triginta</strong></span> <span class='ocrx_word' id='word_1_181' title='bbox 1126 2538 1157 2587; x_wconf 90' lang='lat' dir='ltr'><strong>et</strong></span> <span class='ocrx_word' id='word_1_182' title='bbox 1173 2547 1296 2587; x_wconf 91' lang='lat' dir='ltr'><strong>menses</strong></span> <span class='ocrx_word' id='word_1_183' title='bbox 1319 2539 1467 2603; x_wconf 88' lang='lat' dir='ltr'><strong>quattuor</strong></span> 
     </span>
     <span class='ocr_line' id='line_1_21' title="bbox 219 2628 1470 2703; baseline 0.003 -20"><span class='ocrx_word' id='word_1_184' title='bbox 219 2645 258 2684; x_wconf 89' lang='lat'><strong>20</strong></span> <span class='ocrx_word' id='word_1_185' title='bbox 269 2638 300 2687; x_wconf 91' lang='lat' dir='ltr'><strong>et</strong></span> <span class='ocrx_word' id='word_1_186' title='bbox 314 2628 380 2687; x_wconf 89' lang='lat' dir='ltr'><strong>dies</strong></span> <span class='ocrx_word' id='word_1_187' title='bbox 397 2628 484 2687; x_wconf 88' lang='lat' dir='ltr'><strong>duos.</strong></span> <span class='ocrx_word' id='word_1_188' title='bbox 530 2631 692 2687; x_wconf 89' lang='lat' dir='ltr'><strong>Praeterea</strong></span> <span class='ocrx_word' id='word_1_189' title='bbox 707 2629 769 2687; x_wconf 93' lang='lat' dir='ltr'><strong>cito</strong></span> <span class='ocrx_word' id='word_1_190' title='bbox 785 2628 935 2703; x_wconf 88' lang='lat' dir='ltr'><strong>accipiam</strong></span> <span class='ocrx_word' id='word_1_191' title='bbox 959 2628 1168 2687; x_wconf 88' lang='lat' dir='ltr'><strong>hereditatem.</strong></span> <span class='ocrx_word' id='word_1_192' title='bbox 1215 2630 1287 2687; x_wconf 93' lang='lat' dir='ltr'><strong>Hoc</strong></span> <span class='ocrx_word' id='word_1_193' title='bbox 1302 2628 1376 2685; x_wconf 91' lang='lat' dir='ltr'><strong>mihi</strong></span> <span class='ocrx_word' id='word_1_194' title='bbox 1392 2628 1470 2687; x_wconf 91' lang='lat' dir='ltr'><strong>dicit</strong></span> 
     </span>
     <span class='ocr_line' id='line_1_22' title="bbox 267 2728 1468 2806; baseline 0.001 -19"><span class='ocrx_word' id='word_1_195' title='bbox 267 2731 349 2788; x_wconf 79' lang='lat' dir='ltr'><strong>latus</strong></span> <span class='ocrx_word' id='word_1_196' title='bbox 366 2750 461 2789; x_wconf 76' lang='lat' dir='ltr'><strong>meus,</strong></span> <span class='ocrx_word' id='word_1_197' title='bbox 507 2730 600 2803; x_wconf 84' lang='lat' dir='ltr'><strong>Quod</strong></span> <span class='ocrx_word' id='word_1_198' title='bbox 617 2730 642 2788; x_wconf 91' lang='lat' dir='ltr'><strong>si</strong></span> <span class='ocrx_word' id='word_1_199' title='bbox 657 2729 820 2806; x_wconf 90' lang='lat' dir='ltr'><strong>contigerit</strong></span> <span class='ocrx_word' id='word_1_200' title='bbox 841 2728 957 2787; x_wconf 80' lang='lat' dir='ltr'><strong>fundos</strong></span> <span class='ocrx_word' id='word_1_201' title='bbox 980 2730 1112 2805; x_wconf 89' lang='lat' dir='ltr'><strong>Apuliae</strong></span> <span class='ocrx_word' id='word_1_202' title='bbox 1135 2730 1269 2804; x_wconf 89' lang='lat' dir='ltr'><strong>iungere,</strong></span> <span class='ocrx_word' id='word_1_203' title='bbox 1288 2729 1362 2787; x_wconf 90' lang='lat' dir='ltr'><strong>satis</strong></span> <span class='ocrx_word' id='word_1_204' title='bbox 1378 2730 1468 2788; x_wconf 93' lang='lat' dir='ltr'><strong>vivus</strong></span> 
     </span>
     <span class='ocr_line' id='line_1_23' title="bbox 268 2829 1467 2906; baseline 0 -17"><span class='ocrx_word' id='word_1_205' title='bbox 268 2849 446 2906; x_wconf 80' lang='lat' dir='ltr'><strong>pervenero,</strong></span> <span class='ocrx_word' id='word_1_206' title='bbox 492 2831 619 2888; x_wconf 88' lang='lat' dir='ltr'><strong>Interim</strong></span> <span class='ocrx_word' id='word_1_207' title='bbox 636 2830 708 2888; x_wconf 92' lang='lat' dir='ltr'><strong>dum</strong></span> <span class='ocrx_word' id='word_1_208' title='bbox 733 2830 907 2888; x_wconf 90' lang='lat' dir='ltr'><strong>Mercurius</strong></span> <span class='ocrx_word' id='word_1_209' title='bbox 931 2829 1043 2906; x_wconf 86' lang='lat' dir='ltr'><strong>vigilat,</strong></span> <span class='ocrx_word' id='word_1_210' title='bbox 1061 2829 1222 2887; x_wconf 90' lang='lat' dir='ltr'><strong>aedificavi</strong></span> <span class='ocrx_word' id='word_1_211' title='bbox 1234 2831 1315 2887; x_wconf 90' lang='lat' dir='ltr'><strong>hanc</strong></span> <span class='ocrx_word' id='word_1_212' title='bbox 1330 2830 1467 2889; x_wconf 88' lang='lat' dir='ltr'><strong>domum.</strong></span> 
     </span>
     <span class='ocr_line' id='line_1_24' title="bbox 268 2929 1467 3006; baseline -0.001 -17"><span class='ocrx_word' id='word_1_213' title='bbox 268 2932 312 2989; x_wconf 92' lang='lat' dir='ltr'><strong>Ut</strong></span> <span class='ocrx_word' id='word_1_214' title='bbox 328 2931 421 3002; x_wconf 84' lang='lat' dir='ltr'><strong>scitis,</strong></span> <span class='ocrx_word' id='word_1_215' title='bbox 433 2932 539 2989; x_wconf 87' lang='lat' dir='ltr'><strong>casula</strong></span> <span class='ocrx_word' id='word_1_216' title='bbox 551 2940 635 3002; x_wconf 81' lang='lat' dir='ltr'><strong>erat3</strong></span> <span class='ocrx_word' id='word_1_217' title='bbox 653 2949 734 2989; x_wconf 91' lang='lat' dir='ltr'><strong>nunc</strong></span> <span class='ocrx_word' id='word_1_218' title='bbox 749 2930 897 3006; x_wconf 90' lang='lat' dir='ltr'><strong>templum</strong></span> <span class='ocrx_word' id='word_1_219' title='bbox 914 2940 970 2988; x_wconf 90' lang='lat' dir='ltr'><strong>est.</strong></span> <span class='ocrx_word' id='word_1_220' title='bbox 996 2930 1102 2988; x_wconf 91' lang='lat' dir='ltr'><strong>Habet</strong></span> <span class='ocrx_word' id='word_1_221' title='bbox 1117 2939 1263 3005; x_wconf 91' lang='lat' dir='ltr'><strong>quattuor</strong></span> <span class='ocrx_word' id='word_1_222' title='bbox 1276 2929 1467 3002; x_wconf 80' lang='lat' dir='ltr'><strong>cenationeS,</strong></span> 
     </span>
     <span class='ocr_line' id='line_1_25' title="bbox 266 3029 1465 3107; baseline -0.003 -17"><span class='ocrx_word' id='word_1_223' title='bbox 266 3031 408 3090; x_wconf 90' lang='lat' dir='ltr'><strong>cubicula</strong></span> <span class='ocrx_word' id='word_1_224' title='bbox 444 3030 561 3107; x_wconf 89' lang='lat' dir='ltr'><strong>viginti,</strong></span> <span class='ocrx_word' id='word_1_225' title='bbox 586 3030 722 3106; x_wconf 91' lang='lat' dir='ltr'><strong>porticus</strong></span> <span class='ocrx_word' id='word_1_226' title='bbox 758 3040 963 3089; x_wconf 90' lang='lat' dir='ltr'><strong>marmoratos</strong></span> <span class='ocrx_word' id='word_1_227' title='bbox 1001 3031 1088 3102; x_wconf 69' lang='lat' dir='ltr'><strong>duos</strong></span> <span class='ocrx_word' id='word_1_228' title='bbox 1112 3049 1218 3088; x_wconf 89' lang='lat' dir='ltr'><strong>susum</strong></span> <span class='ocrx_word' id='word_1_229' title='bbox 1255 3029 1465 3101; x_wconf 88' lang='lat' dir='ltr'><strong>cellationem,</strong></span> 
     </span>
     <span class='ocr_line' id='line_1_26' title="bbox 173 3129 1468 3206; baseline 0.003 -23"><span class='ocrx_word' id='word_1_230' title='bbox 173 3134 175 3138; x_wconf 78' lang='grc'>’</span> <span class='ocrx_word' id='word_1_231' title='bbox 218 3143 233 3183; x_wconf 88' lang='lat'>2</span> <span class='ocrx_word' id='word_1_232' title='bbox 238 3142 254 3202; x_wconf 84' lang='lat'><strong>5</strong></span> <span class='ocrx_word' id='word_1_233' title='bbox 266 3130 441 3189; x_wconf 90' lang='lat' dir='ltr'><strong>cubiculum</strong></span> <span class='ocrx_word' id='word_1_234' title='bbox 454 3131 485 3187; x_wconf 91' lang='lat' dir='ltr'><strong>in</strong></span> <span class='ocrx_word' id='word_1_235' title='bbox 501 3149 563 3206; x_wconf 92' lang='lat' dir='ltr'><strong>quo</strong></span> <span class='ocrx_word' id='word_1_236' title='bbox 579 3130 645 3205; x_wconf 89' lang='lat' dir='ltr'><strong>ipse</strong></span> <span class='ocrx_word' id='word_1_237' title='bbox 661 3129 917 3206; x_wconf 88' lang='lat' dir='ltr'><strong>dormi0,viperae</strong></span> <span class='ocrx_word' id='word_1_238' title='bbox 933 3130 1024 3188; x_wconf 92' lang='lat' dir='ltr'><strong>huius</strong></span> <span class='ocrx_word' id='word_1_239' title='bbox 1039 3130 1214 3201; x_wconf 87' lang='lat' dir='ltr'><strong>sessorium,</strong></span> <span class='ocrx_word' id='word_1_240' title='bbox 1227 3129 1345 3188; x_wconf 89' lang='lat' dir='ltr'><strong>ostiarii</strong></span> <span class='ocrx_word' id='word_1_241' title='bbox 1356 3130 1468 3188; x_wconf 90' lang='lat' dir='ltr'><strong>cellam</strong></span> 
     </span>
     <span class='ocr_line' id='line_1_27' title="bbox 267 3230 1469 3307; baseline 0 -18"><span class='ocrx_word' id='word_1_242' title='bbox 267 3232 452 3306; x_wconf 90' lang='lat' dir='ltr'><strong>perbonam;</strong></span> <span class='ocrx_word' id='word_1_243' title='bbox 468 3230 636 3307; x_wconf 92' lang='lat' dir='ltr'><strong>hospitium</strong></span> <span class='ocrx_word' id='word_1_244' title='bbox 650 3230 789 3305; x_wconf 90' lang='lat' dir='ltr'><strong>hospites</strong></span> <span class='ocrx_word' id='word_1_245' title='bbox 805 3231 896 3307; x_wconf 90' lang='lat' dir='ltr'><strong>capit.</strong></span> <span class='ocrx_word' id='word_1_246' title='bbox 922 3231 972 3288; x_wconf 91' lang='lat' dir='ltr'><strong>Ad</strong></span> <span class='ocrx_word' id='word_1_247' title='bbox 984 3249 1143 3302; x_wconf 90' lang='lat' dir='ltr'><strong>summam,</strong></span> <span class='ocrx_word' id='word_1_248' title='bbox 1164 3231 1304 3302; x_wconf 69' lang='lat' dir='ltr'><strong>Scaurus</strong></span> <span class='ocrx_word' id='word_1_249' title='bbox 1318 3248 1388 3289; x_wconf 92' lang='lat' dir='ltr'><strong>cum</strong></span> <span class='ocrx_word' id='word_1_250' title='bbox 1406 3232 1469 3289; x_wconf 91' lang='lat' dir='ltr'><strong>huc</strong></span> 
     </span>
     <span class='ocr_line' id='line_1_28' title="bbox 266 3330 1469 3407; baseline -0.002 -17"><span class='ocrx_word' id='word_1_251' title='bbox 266 3332 358 3404; x_wconf 90' lang='lat' dir='ltr'><strong>venit,</strong></span> <span class='ocrx_word' id='word_1_252' title='bbox 371 3351 523 3407; x_wconf 90' lang='lat' dir='ltr'><strong>nusquam</strong></span> <span class='ocrx_word' id='word_1_253' title='bbox 540 3331 687 3389; x_wconf 90' lang='lat' dir='ltr'><strong>mavoluit</strong></span> <span class='ocrx_word' id='word_1_254' title='bbox 703 3330 859 3406; x_wconf 89' lang='lat' dir='ltr'><strong>hospitari,</strong></span> <span class='ocrx_word' id='word_1_255' title='bbox 873 3341 909 3390; x_wconf 85' lang='lat' dir='ltr'><strong>et</strong></span> <span class='ocrx_word' id='word_1_256' title='bbox 924 3331 1018 3390; x_wconf 88' lang='lat' dir='ltr'><strong>habet</strong></span> <span class='ocrx_word' id='word_1_257' title='bbox 1033 3331 1072 3389; x_wconf 90' lang='lat' dir='ltr'><strong>ad</strong></span> <span class='ocrx_word' id='word_1_258' title='bbox 1088 3350 1171 3389; x_wconf 90' lang='lat' dir='ltr'><strong>mare</strong></span> <span class='ocrx_word' id='word_1_259' title='bbox 1187 3340 1348 3407; x_wconf 91' lang='lat' dir='ltr'><strong>paternum</strong></span> <span class='ocrx_word' id='word_1_260' title='bbox 1364 3330 1469 3407; x_wconf 91' lang='lat' dir='ltr'><strong>hospi-</strong></span> 
     </span>
     <span class='ocr_line' id='line_1_29' title="bbox 266 3431 1468 3506; baseline 0.001 -17"><span class='ocrx_word' id='word_1_261' title='bbox 266 3433 351 3491; x_wconf 91' lang='lat' dir='ltr'><strong>tium.</strong></span> <span class='ocrx_word' id='word_1_262' title='bbox 397 3435 435 3490; x_wconf 90' lang='lat' dir='ltr'><strong>Et</strong></span> <span class='ocrx_word' id='word_1_263' title='bbox 449 3433 545 3490; x_wconf 91' lang='lat' dir='ltr'><strong>multa</strong></span> <span class='ocrx_word' id='word_1_264' title='bbox 555 3431 615 3489; x_wconf 89' lang='lat' dir='ltr'><strong>alia</strong></span> <span class='ocrx_word' id='word_1_265' title='bbox 630 3440 710 3503; x_wconf 90' lang='lat' dir='ltr'><strong>sunt,</strong></span> <span class='ocrx_word' id='word_1_266' title='bbox 725 3450 804 3506; x_wconf 90' lang='lat' dir='ltr'><strong>quae</strong></span> <span class='ocrx_word' id='word_1_267' title='bbox 817 3432 920 3490; x_wconf 90' lang='lat' dir='ltr'><strong>statim</strong></span> <span class='ocrx_word' id='word_1_268' title='bbox 936 3432 1026 3490; x_wconf 89' lang='lat' dir='ltr'><strong>vobis</strong></span> <span class='ocrx_word' id='word_1_269' title='bbox 1037 3432 1209 3490; x_wconf 91' lang='lat' dir='ltr'><strong>ostendam.</strong></span> <span class='ocrx_word' id='word_1_270' title='bbox 1233 3431 1357 3489; x_wconf 88' lang='lat' dir='ltr'><strong>Credite</strong></span> <span class='ocrx_word' id='word_1_271' title='bbox 1374 3431 1468 3490; x_wconf 91' lang='lat' dir='ltr'><strong>mihi:</strong></span> 
     </span>
     <span class='ocr_line' id='line_1_30' title="bbox 267 3531 1469 3607; baseline -0.001 -17"><span class='ocrx_word' id='word_1_272' title='bbox 267 3551 367 3590; x_wconf 90' lang='lat' dir='ltr'><strong>assem</strong></span> <span class='ocrx_word' id='word_1_273' title='bbox 383 3532 508 3604; x_wconf 80' lang='lat' dir='ltr'><strong>habeaS,</strong></span> <span class='ocrx_word' id='word_1_274' title='bbox 523 3551 624 3590; x_wconf 91' lang='lat' dir='ltr'><strong>assem</strong></span> <span class='ocrx_word' id='word_1_275' title='bbox 636 3532 749 3603; x_wconf 80' lang='lat' dir='ltr'><strong>valeaS,</strong></span> <span class='ocrx_word' id='word_1_276' title='bbox 767 3532 873 3604; x_wconf 89' lang='lat' dir='ltr'><strong>habes,</strong></span> <span class='ocrx_word' id='word_1_277' title='bbox 891 3531 1063 3590; x_wconf 89' lang='lat' dir='ltr'><strong>habeberis.</strong></span> <span class='ocrx_word' id='word_1_278' title='bbox 1089 3532 1139 3590; x_wconf 90' lang='lat' dir='ltr'><strong>Sic</strong></span> <span class='ocrx_word' id='word_1_279' title='bbox 1155 3531 1272 3590; x_wconf 90' lang='lat' dir='ltr'><strong>amicus</strong></span> <span class='ocrx_word' id='word_1_280' title='bbox 1288 3541 1398 3604; x_wconf 89' lang='lat' dir='ltr'><strong>vester,</strong></span> <span class='ocrx_word' id='word_1_281' title='bbox 1413 3532 1469 3607; x_wconf 92' lang='lat' dir='ltr'><strong>qui</strong></span> 
     </span>
     <span class='ocr_line' id='line_1_31' title="bbox 216 3618 1468 3712; baseline 0.002 -24"><span class='ocrx_word' id='word_1_282' title='bbox 216 3633 422 3712; x_wconf 84' lang='lat' dir='ltr'><strong>30iuitrana‚</strong></span> <span class='ocrx_word' id='word_1_283' title='bbox 448 3651 530 3690; x_wconf 91' lang='lat' dir='ltr'><strong>nunc</strong></span> <span class='ocrx_word' id='word_1_284' title='bbox 552 3642 600 3691; x_wconf 91' lang='lat' dir='ltr'><strong>est</strong></span> <span class='ocrx_word' id='word_1_285' title='bbox 614 3651 676 3690; x_wconf 90' lang='lat' dir='ltr'><strong>rex.</strong></span> <span class='ocrx_word' id='word_1_286' title='bbox 723 3632 860 3704; x_wconf 88' lang='lat' dir='ltr'><strong>Interim,</strong></span> <span class='ocrx_word' id='word_1_287' title='bbox 893 3632 1005 3704; x_wconf 88' lang='lat' dir='ltr'><strong>Stiche‚</strong></span> <span class='ocrx_word' id='word_1_288' title='bbox 1039 3618 1143 3707; x_wconf 82' lang='lat' dir='ltr'><strong>profer</strong></span> <span class='ocrx_word' id='word_1_289' title='bbox 1173 3632 1286 3703; x_wconf 91' lang='lat' dir='ltr'><strong>vitalia,</strong></span> <span class='ocrx_word' id='word_1_290' title='bbox 1304 3631 1468 3707; x_wconf 90' lang='lat' dir='ltr'><strong>inquibus</strong></span> 
     </span>
     <span class='ocr_line' id='line_1_32' title="bbox 266 3732 1469 3809; baseline -0.001 -18"><span class='ocrx_word' id='word_1_291' title='bbox 266 3733 336 3791; x_wconf 95' lang='lat' dir='ltr'><strong>volo</strong></span> <span class='ocrx_word' id='word_1_292' title='bbox 352 3752 400 3791; x_wconf 89' lang='lat' dir='ltr'><strong>me</strong></span> <span class='ocrx_word' id='word_1_293' title='bbox 416 3732 525 3791; x_wconf 83' lang='lat' dir='ltr'><strong>efferri.</strong></span> <span class='ocrx_word' id='word_1_294' title='bbox 572 3733 680 3790; x_wconf 81' lang='lat' dir='ltr'><strong>Profer</strong></span> <span class='ocrx_word' id='word_1_295' title='bbox 694 3742 725 3790; x_wconf 92' lang='lat' dir='ltr'><strong>et</strong></span> <span class='ocrx_word' id='word_1_296' title='bbox 741 3742 931 3809; x_wconf 89' lang='lat' dir='ltr'><strong>unguentum</strong></span> <span class='ocrx_word' id='word_1_297' title='bbox 948 3742 978 3791; x_wconf 89' lang='lat' dir='ltr'><strong>et</strong></span> <span class='ocrx_word' id='word_1_298' title='bbox 994 3752 1031 3792; x_wconf 87' lang='lat' dir='ltr'><strong>ex</strong></span> <span class='ocrx_word' id='word_1_299' title='bbox 1046 3732 1098 3789; x_wconf 92' lang='lat' dir='ltr'><strong>illa</strong></span> <span class='ocrx_word' id='word_1_300' title='bbox 1114 3732 1262 3807; x_wconf 87' lang='lat' dir='ltr'><strong>amphora</strong></span> <span class='ocrx_word' id='word_1_301' title='bbox 1277 3740 1410 3808; x_wconf 90' lang='lat' dir='ltr'><strong>gustum,</strong></span> <span class='ocrx_word' id='word_1_302' title='bbox 1429 3752 1469 3791; x_wconf 89' lang='lat' dir='ltr'><strong>ex</strong></span> 
     </span>
     <span class='ocr_line' id='line_1_33' title="bbox 266 3832 1467 3909; baseline 0.001 -19"><span class='ocrx_word' id='word_1_303' title='bbox 266 3853 325 3909; x_wconf 93' lang='lat' dir='ltr'><strong>qua</strong></span> <span class='ocrx_word' id='word_1_304' title='bbox 344 3834 434 3891; x_wconf 90' lang='lat' dir='ltr'><strong>iubeo</strong></span> <span class='ocrx_word' id='word_1_305' title='bbox 450 3832 545 3891; x_wconf 91' lang='lat' dir='ltr'><strong>lavari</strong></span> <span class='ocrx_word' id='word_1_306' title='bbox 561 3852 634 3891; x_wconf 90' lang='lat' dir='ltr'><strong>ossa</strong></span> <span class='ocrx_word' id='word_1_307' title='bbox 649 3833 737 3890; x_wconf 81' lang='lat' dir='ltr'><strong>mea’</strong></span> <span class='ocrx_word' id='word_1_308' title='bbox 949 3836 1019 3891; x_wconf 91' lang='lat' dir='ltr'><strong>Non</strong></span> <span class='ocrx_word' id='word_1_309' title='bbox 1035 3842 1083 3891; x_wconf 90' lang='lat' dir='ltr'><strong>est</strong></span> <span class='ocrx_word' id='word_1_310' title='bbox 1098 3842 1237 3891; x_wconf 88' lang='lat' dir='ltr'><strong>moratus</strong></span> <span class='ocrx_word' id='word_1_311' title='bbox 1253 3832 1384 3904; x_wconf 89' lang='lat' dir='ltr'><strong>Stichus,</strong></span> <span class='ocrx_word' id='word_1_312' title='bbox 1409 3833 1467 3891; x_wconf 89' lang='lat' dir='ltr'><strong>sed</strong></span> 
     </span>
     <span class='ocr_line' id='line_1_34' title="bbox 266 3932 1193 4011; baseline -0.002 -18"><span class='ocrx_word' id='word_1_313' title='bbox 266 3944 296 3993; x_wconf 89' lang='lat' dir='ltr'><strong>et</strong></span> <span class='ocrx_word' id='word_1_314' title='bbox 312 3935 479 4011; x_wconf 87' lang='lat' dir='ltr'><strong>stragulam</strong></span> <span class='ocrx_word' id='word_1_315' title='bbox 492 3934 593 3991; x_wconf 88' lang='lat' dir='ltr'><strong>albam</strong></span> <span class='ocrx_word' id='word_1_316' title='bbox 610 3942 640 3991; x_wconf 90' lang='lat' dir='ltr'><strong>et</strong></span> <span class='ocrx_word' id='word_1_317' title='bbox 655 3933 846 4008; x_wconf 81' lang='lat' dir='ltr'><strong>praetextam</strong></span> <span class='ocrx_word' id='word_1_318' title='bbox 862 3932 894 3991; x_wconf 89' lang='lat' dir='ltr'><strong>in</strong></span> <span class='ocrx_word' id='word_1_319' title='bbox 909 3933 1075 3991; x_wconf 91' lang='lat' dir='ltr'><strong>triclinium</strong></span> <span class='ocrx_word' id='word_1_320' title='bbox 1092 3933 1193 3991; x_wconf 90' lang='lat' dir='ltr'><strong>attulit</strong></span> 
     </span>
    </p>

    <p class='ocr_par' dir='ltr' id='par_1_3' title="bbox 214 4026 1520 4610">
     <span class='ocr_line' id='line_1_35' title="bbox 579 4026 1520 4110; baseline 0.003 -21"><span class='ocrx_word' id='word_1_321' title='bbox 579 4026 582 4031; x_wconf 72' lang='grc'>’</span> <span class='ocrx_word' id='word_1_322' title='bbox 681 4032 831 4109; x_wconf 88' lang='lat' dir='ltr'><strong>iussitque</strong></span> <span class='ocrx_word' id='word_1_323' title='bbox 848 4052 905 4091; x_wconf 93' lang='lat' dir='ltr'><strong>nos</strong></span> <span class='ocrx_word' id='word_1_324' title='bbox 921 4044 1079 4110; x_wconf 89' lang='lat' dir='ltr'><strong>temptare,</strong></span> <span class='ocrx_word' id='word_1_325' title='bbox 1098 4052 1135 4091; x_wconf 90' lang='lat' dir='ltr'><strong>an</strong></span> <span class='ocrx_word' id='word_1_326' title='bbox 1152 4033 1243 4092; x_wconf 91' lang='lat' dir='ltr'><strong>bonis</strong></span> <span class='ocrx_word' id='word_1_327' title='bbox 1261 4033 1339 4090; x_wconf 91' lang='lat' dir='ltr'><strong>lanis</strong></span> <span class='ocrx_word' id='word_1_328' title='bbox 1356 4044 1465 4092; x_wconf 88' lang='lat' dir='ltr'><strong>essent</strong></span> <span class='ocrx_word' id='word_1_329' title='bbox 1516 4091 1520 4100; x_wconf 76' lang='grc'><em>,</em></span> 
     </span>
     <span class='ocr_line' id='line_1_36' title="bbox 214 4132 1467 4214; baseline 0.002 -22"><span class='ocrx_word' id='word_1_330' title='bbox 214 4153 252 4214; x_wconf 82' lang='lat'><strong>35</strong></span> <span class='ocrx_word' id='word_1_331' title='bbox 265 4134 416 4192; x_wconf 83' lang='lat' dir='ltr'><strong>confecta.</strong></span> <span class='ocrx_word' id='word_1_332' title='bbox 461 4135 541 4190; x_wconf 89' lang='lat' dir='ltr'><strong>Tum</strong></span> <span class='ocrx_word' id='word_1_333' title='bbox 564 4133 729 4192; x_wconf 91' lang='lat' dir='ltr'><strong>subridens</strong></span> <span class='ocrx_word' id='word_1_334' title='bbox 754 4133 843 4192; x_wconf 81' lang='lat' dir='ltr'><strong>‘vide</strong></span> <span class='ocrx_word' id='word_1_335' title='bbox 866 4134 919 4191; x_wconf 90' lang='lat' dir='ltr'><strong>tu&#39;</strong></span> <span class='ocrx_word' id='word_1_336' title='bbox 943 4133 1043 4209; x_wconf 89' lang='lat' dir='ltr'><strong>inquit</strong></span> <span class='ocrx_word' id='word_1_337' title='bbox 1066 4134 1199 4205; x_wconf 89' lang='lat' dir='ltr'><strong>‘Stiche,</strong></span> <span class='ocrx_word' id='word_1_338' title='bbox 1218 4152 1256 4191; x_wconf 90' lang='lat' dir='ltr'><strong>ne</strong></span> <span class='ocrx_word' id='word_1_339' title='bbox 1279 4132 1339 4190; x_wconf 91' lang='lat' dir='ltr'><strong>ista</strong></span> <span class='ocrx_word' id='word_1_340' title='bbox 1361 4151 1467 4194; x_wconf 90' lang='lat' dir='ltr'><strong>mures</strong></span> 
     </span>
     <span class='ocr_line' id='line_1_37' title="bbox 265 4231 1468 4314; baseline 0 -23"><span class='ocrx_word' id='word_1_341' title='bbox 265 4243 394 4306; x_wconf 88' lang='lat' dir='ltr'><strong>tangant</strong></span> <span class='ocrx_word' id='word_1_342' title='bbox 423 4243 476 4291; x_wconf 89' lang='lat' dir='ltr'><strong>aut</strong></span> <span class='ocrx_word' id='word_1_343' title='bbox 491 4234 608 4303; x_wconf 88' lang='lat' dir='ltr'><strong>tineae;</strong></span> <span class='ocrx_word' id='word_1_344' title='bbox 632 4234 770 4309; x_wconf 90' lang='lat' dir='ltr'><strong>alioquin</strong></span> <span class='ocrx_word' id='word_1_345' title='bbox 795 4243 827 4292; x_wconf 92' lang='lat' dir='ltr'><strong>te</strong></span> <span class='ocrx_word' id='word_1_346' title='bbox 856 4234 959 4292; x_wconf 92' lang='lat' dir='ltr'><strong>vivum</strong></span> <span class='ocrx_word' id='word_1_347' title='bbox 981 4234 1168 4291; x_wconf 78' lang='lat' dir='ltr'><strong>comburam,</strong></span> <span class='ocrx_word' id='word_1_348' title='bbox 1219 4235 1290 4314; x_wconf 10' lang='lat' dir='ltr'><strong>&#39;Ego</strong></span> <span class='ocrx_word' id='word_1_349' title='bbox 1312 4231 1468 4306; x_wconf 88' lang='lat' dir='ltr'><strong>gloriosus</strong></span> 
     </span>
     <span class='ocr_line' id='line_1_38' title="bbox 265 4331 1469 4410; baseline -0.002 -17"><span class='ocrx_word' id='word_1_350' title='bbox 265 4335 335 4393; x_wconf 92' lang='lat' dir='ltr'><strong>volo</strong></span> <span class='ocrx_word' id='word_1_351' title='bbox 348 4333 458 4406; x_wconf 88' lang='lat' dir='ltr'><strong>efferri,</strong></span> <span class='ocrx_word' id='word_1_352' title='bbox 474 4344 508 4392; x_wconf 93' lang='lat' dir='ltr'><strong>ut</strong></span> <span class='ocrx_word' id='word_1_353' title='bbox 520 4344 602 4392; x_wconf 93' lang='lat' dir='ltr'><strong>totus</strong></span> <span class='ocrx_word' id='word_1_354' title='bbox 613 4334 687 4391; x_wconf 90' lang='lat' dir='ltr'><strong>mihi</strong></span> <span class='ocrx_word' id='word_1_355' title='bbox 700 4335 834 4410; x_wconf 92' lang='lat' dir='ltr'><strong>populus</strong></span> <span class='ocrx_word' id='word_1_356' title='bbox 849 4334 929 4391; x_wconf 89' lang='lat' dir='ltr'><strong>bene</strong></span> <span class='ocrx_word' id='word_1_357' title='bbox 945 4334 1148 4409; x_wconf 90' lang='lat' dir='ltr'><strong>imprecetur.’</strong></span> <span class='ocrx_word' id='word_1_358' title='bbox 1173 4334 1282 4391; x_wconf 88' lang='lat' dir='ltr'><strong>Statim</strong></span> <span class='ocrx_word' id='word_1_359' title='bbox 1298 4331 1469 4408; x_wconf 87' lang='lat' dir='ltr'><strong>ampullam</strong></span> 
     </span>
     <span class='ocr_line' id='line_1_39' title="bbox 264 4432 1466 4510; baseline 0 -19"><span class='ocrx_word' id='word_1_360' title='bbox 264 4433 353 4492; x_wconf 90' lang='lat' dir='ltr'><strong>nardi</strong></span> <span class='ocrx_word' id='word_1_361' title='bbox 370 4434 489 4509; x_wconf 88' lang='lat' dir='ltr'><strong>aperuit</strong></span> <span class='ocrx_word' id='word_1_362' title='bbox 504 4453 674 4510; x_wconf 89' lang='lat' dir='ltr'><strong>omnesque</strong></span> <span class='ocrx_word' id='word_1_363' title='bbox 688 4453 744 4491; x_wconf 92' lang='lat' dir='ltr'><strong>nos</strong></span> <span class='ocrx_word' id='word_1_364' title='bbox 757 4434 843 4491; x_wconf 91' lang='lat' dir='ltr'><strong>unxit</strong></span> <span class='ocrx_word' id='word_1_365' title='bbox 855 4443 886 4491; x_wconf 88' lang='lat' dir='ltr'><strong>et</strong></span> <span class='ocrx_word' id='word_1_366' title='bbox 902 4433 1027 4509; x_wconf 87' lang='lat' dir='ltr'><strong>‘spero’</strong></span> <span class='ocrx_word' id='word_1_367' title='bbox 1043 4432 1143 4508; x_wconf 89' lang='lat' dir='ltr'><strong>inquit</strong></span> <span class='ocrx_word' id='word_1_368' title='bbox 1160 4434 1312 4490; x_wconf 81' lang='lat' dir='ltr'><strong>‘futurum</strong></span> <span class='ocrx_word' id='word_1_369' title='bbox 1322 4441 1356 4491; x_wconf 94' lang='lat' dir='ltr'><strong>ut</strong></span> <span class='ocrx_word' id='word_1_370' title='bbox 1365 4451 1466 4509; x_wconf 89' lang='lat' dir='ltr'><strong>aeque</strong></span> 
     </span>
     <span class='ocr_line' id='line_1_40' title="bbox 265 4534 1464 4610; baseline -0.001 -17"><span class='ocrx_word' id='word_1_371' title='bbox 265 4555 313 4594; x_wconf 91' lang='lat' dir='ltr'><strong>me</strong></span> <span class='ocrx_word' id='word_1_372' title='bbox 329 4546 480 4594; x_wconf 89' lang='lat' dir='ltr'><strong>mortuum</strong></span> <span class='ocrx_word' id='word_1_373' title='bbox 497 4536 579 4594; x_wconf 85' lang='lat' dir='ltr'><strong>iuvet</strong></span> <span class='ocrx_word' id='word_1_374' title='bbox 594 4545 742 4610; x_wconf 87' lang='lat' dir='ltr'><strong>tanquam</strong></span> <span class='ocrx_word' id='word_1_375' title='bbox 759 4535 882 4593; x_wconf 84' lang='lat' dir='ltr'><strong>vivum&#39;</strong></span> <span class='ocrx_word' id='word_1_376' title='bbox 907 4537 986 4592; x_wconf 89' lang='lat' dir='ltr'><strong>Nam</strong></span> <span class='ocrx_word' id='word_1_377' title='bbox 1003 4534 1108 4591; x_wconf 91' lang='lat' dir='ltr'><strong>vinum</strong></span> <span class='ocrx_word' id='word_1_378' title='bbox 1124 4534 1247 4609; x_wconf 89' lang='lat' dir='ltr'><strong>quidem</strong></span> <span class='ocrx_word' id='word_1_379' title='bbox 1264 4535 1294 4591; x_wconf 91' lang='lat' dir='ltr'><strong>in</strong></span> <span class='ocrx_word' id='word_1_380' title='bbox 1312 4534 1464 4593; x_wconf 89' lang='lat' dir='ltr'><strong>vinarium</strong></span> 
     </span>
    </p>

    <p class='ocr_par' dir='ltr' id='par_1_4' title="bbox 216 4633 1467 4811">
     <span class='ocr_line' id='line_1_41' title="bbox 216 4633 1433 4712; baseline 0.001 -20"><span class='ocrx_word' id='word_1_381' title='bbox 216 4655 255 4706; x_wconf 91' lang='lat'><strong>40</strong></span> <span class='ocrx_word' id='word_1_382' title='bbox 265 4633 354 4694; x_wconf 90' lang='lat' dir='ltr'><strong>iussit</strong></span> <span class='ocrx_word' id='word_1_383' title='bbox 369 4636 490 4693; x_wconf 84' lang='lat' dir='ltr'><strong>infundi</strong></span> <span class='ocrx_word' id='word_1_384' title='bbox 505 4646 536 4693; x_wconf 92' lang='lat' dir='ltr'><strong>et</strong></span> <span class='ocrx_word' id='word_1_385' title='bbox 552 4641 676 4712; x_wconf 87' lang='lat' dir='ltr'><strong>‘putate</strong></span> <span class='ocrx_word' id='word_1_386' title='bbox 692 4635 764 4693; x_wconf 84' lang='lat' dir='ltr'><strong>vos’</strong></span> <span class='ocrx_word' id='word_1_387' title='bbox 782 4635 824 4692; x_wconf 92' lang='lat' dir='ltr'><strong>ait</strong></span> <span class='ocrx_word' id='word_1_388' title='bbox 841 4634 896 4692; x_wconf 89' lang='lat' dir='ltr'><strong>‘ad</strong></span> <span class='ocrx_word' id='word_1_389' title='bbox 911 4633 1080 4710; x_wconf 89' lang='lat' dir='ltr'><strong>parentalia</strong></span> <span class='ocrx_word' id='word_1_390' title='bbox 1098 4653 1166 4692; x_wconf 89' lang='lat' dir='ltr'><strong>mea</strong></span> <span class='ocrx_word' id='word_1_391' title='bbox 1182 4635 1327 4692; x_wconf 90' lang='lat' dir='ltr'><strong>invitatos</strong></span> <span class='ocrx_word' id='word_1_392' title='bbox 1342 4637 1433 4694; x_wconf 87' lang='lat' dir='ltr'><strong>essc.’</strong></span> 
     </span>
     <span class='ocr_line' id='line_1_42' title="bbox 308 4734 1467 4811; baseline -0.001 -17"><span class='ocrx_word' id='word_1_393' title='bbox 308 4736 379 4795; x_wconf 89' lang='lat' dir='ltr'><strong>Ibat</strong></span> <span class='ocrx_word' id='word_1_394' title='bbox 388 4755 436 4794; x_wconf 91' lang='lat' dir='ltr'><strong>res</strong></span> <span class='ocrx_word' id='word_1_395' title='bbox 449 4736 488 4794; x_wconf 89' lang='lat' dir='ltr'><strong>ad</strong></span> <span class='ocrx_word' id='word_1_396' title='bbox 504 4754 655 4796; x_wconf 88' lang='lat' dir='ltr'><strong>summam</strong></span> <span class='ocrx_word' id='word_1_397' title='bbox 672 4753 829 4809; x_wconf 85' lang='lat' dir='ltr'><strong>nauseam,</strong></span> <span class='ocrx_word' id='word_1_398' title='bbox 843 4754 912 4793; x_wconf 87' lang='lat' dir='ltr'><strong>cum</strong></span> <span class='ocrx_word' id='word_1_399' title='bbox 924 4734 1112 4795; x_wconf 89' lang='lat' dir='ltr'><strong>Trimalchio</strong></span> <span class='ocrx_word' id='word_1_400' title='bbox 1124 4734 1273 4794; x_wconf 89' lang='lat' dir='ltr'><strong>ebrietate</strong></span> <span class='ocrx_word' id='word_1_401' title='bbox 1285 4735 1467 4811; x_wconf 87' lang='lat' dir='ltr'><strong>turpissima</strong></span> 
     </span>
    </p>
   </div>
   <div class='ocr_carea' id='block_1_3' title="bbox 0 0 1614 5417">
    <p class='ocr_par' dir='ltr' id='par_1_5' title="bbox 0 0 1614 5417">
     <span class='ocr_line' id='line_1_43' title="bbox 0 0 1614 5417; baseline 0 0"><span class='ocrx_word' id='word_1_402' title='bbox 0 0 1614 5417; x_wconf 95' lang='lat' dir='ltr'><strong> </strong></span> 
     </span>
    </p>
   </div>
  </div>
 </body>
</html>
