3217 5417
846 595 880 633 12

271 757 326 811 ‘ex
342 755 387 813 eis
403 755 495 813 vultis
511 755 542 812 in
557 775 666 814 cenam
682 756 785 815 statim
800 757 889 815 fieri?
912 757 1037 815 Gallum
1053 758 1133 816 enim
1156 759 1369 834 gallinaceum,
1393 779 1465 835 pen-

269 855 405 913 thiacum
421 865 451 914 et
466 856 618 914 eiusmodi
641 857 749 915 nenias
771 857 878 915 rustici
900 858 1034 916 faciunt:
1080 858 1138 916 mei
1154 859 1221 917 coci
1236 859 1327 917 etiarn
1351 860 1464 918 vitulos

269 974 348 1014 aeno
364 965 469 1015 coctos
485 957 585 1016 solent
599 957 722 1015 lacere)
767 957 986 1033 Continuoque
1002 977 1109 1016 cocum
1125 959 1229 1017 vocari
1245 959 1342 1030 iussit,
1356 969 1386 1018 et
1402 979 1463 1018 non

268 1066 429 1132 expectata
445 1057 595 1116 electione
612 1067 717 1116 nostra
733 1058 898 1116 maximum
915 1068 988 1117 natu
1004 1058 1092 1117 iussit
1107 1059 1215 1131 occidi,
1230 1069 1259 1117 et
1271 1061 1354 1118 clara
1370 1078 1462 1118 voce:

270 1163 324 1215 ‘ex
339 1168 434 1234 quota
456 1158 581 1216 decuria
603 1161 660 1217 es?
705 1160 781 1217 Cum
807 1158 857 1217 ille
880 1178 914 1217 se
929 1178 966 1217 ex
982 1159 1218 1235 quadragesima
1241 1159 1461 1235 respondisset,

269 1257 450 1334 ‘empticius
466 1278 505 1316 an
518 1260 525 1284 '
542 1259 642 1335 inquit
658 1259 761 1317 ‘domi
778 1260 911 1318 natus?'
957 1260 1145 1317 ‘Neutrum’
1163 1260 1263 1336 inquit
1279 1279 1372 1319 cocus
1390 1260 1462 1318 ‘sed

267 1367 453 1417 testamento
476 1362 595 1418 Pansae
611 1360 666 1417 tibi
683 1359 804 1418 relictus
821 1360 908 1417 sum’
955 1360 1053 1418 ‘Vide
1069 1361 1158 1437 ergo’
1175 1361 1217 1419 ait
1235 1368 1286 1419 ‘ut
1301 1361 1463 1437 diligenter

267 1477 387 1533 ponas;
411 1459 437 1517 si
452 1479 523 1532 non,
548 1471 577 1518 te
594 1460 707 1518 iubebo
730 1460 760 1516 in
777 1460 933 1518 decuriam
955 1460 1106 1518 viatorum
1129 1461 1249 1519 conici'
1295 1463 1333 1519 Et
1354 1480 1462 1519 cocum

268 1559 392 1635 quidem
408 1560 564 1635 potentiae
587 1560 776 1618 admonitum
793 1560 825 1617 in
840 1561 973 1619 culinam
989 1560 1153 1618 obsonium
1169 1561 1263 1633 duxit,
1277 1561 1463 1619 Trimalchio

221 1681 256 1717 ro
268 1671 370 1718 autern
393 1661 458 1718 miti
481 1661 522 1718 ad
539 1679 595 1719 nos
617 1661 702 1718 vultu
725 1660 860 1737 respexit
882 1671 912 1720 et
929 1660 1067 1718 ‘vinum'
1091 1661 1192 1736 inquit
1208 1662 1253 1719 ‘si
1270 1679 1332 1719 non
1354 1663 1463 1736 placet,

268 1761 410 1833 mutabo;
434 1780 488 1819 vos
511 1761 585 1819 illud
609 1771 729 1836 oportet
751 1761 867 1819 bonum
889 1761 1020 1819 faciatis
1067 1764 1204 1820 Deorum
1226 1761 1379 1820 beneficio
1401 1781 1461 1819 non

266 1880 344 1932 em0,
362 1862 417 1919 sed
440 1880 521 1920 nunc
544 1861 691 1937 quicquid
721 1862 761 1919 ad
777 1862 904 1919 salivam
920 1861 1003 1932 lacit,
1021 1862 1233 1920 insuburbano
1255 1862 1391 1920 nascitur
1414 1881 1458 1933 eo,

267 1961 350 2037 quod
366 1980 423 2038 ego
439 1962 541 2020 adhuc
557 1980 618 2019 non
635 1961 714 2020 novi.
761 1962 882 2020 Dicitur
904 1963 1024 2020 contine
1040 1981 1108 2020 esse
1125 1962 1415 2021 Tarraciniensibus
1431 1971 1461 2021 et

266 2062 451 2119 Tarentinis.
497 2064 588 2120 Nunc
603 2062 789 2138 coniungere
812 2062 920 2138 agellis
938 2062 1072 2120 Siciliam
1089 2061 1168 2134 volO,
1185 2073 1218 2120 ut
1239 2082 1308 2120 cum
1325 2062 1461 2120 Africam

221 2176 254 2235 15
268 2162 389 2220 libuerit
411 2162 463 2234 ire,
480 2181 534 2238 per
551 2181 635 2220 meos
658 2163 735 2220 fines
758 2163 909 2238 navigem.
956 2163 1016 2220 Sed
1040 2172 1178 2220 narratu
1195 2163 1277 2234 mihi,
1303 2166 1462 2239 Agamem-

268 2281 339 2334 non,
367 2282 458 2339 quam
486 2263 725 2321 controversiam
750 2263 843 2321 hodie
866 2263 1068 2322 declamasti?
1113 2265 1178 2339 Ego
1201 2263 1293 2321 etiam
1309 2264 1335 2321 si
1351 2282 1462 2321 causas

267 2382 330 2420 non
345 2382 413 2439 ago,
431 2363 461 2420 in
477 2363 691 2421 domusionem
708 2374 811 2421 tamen
828 2363 932 2421 literas
948 2363 1051 2421 didici.
1084 2366 1122 2421 Et
1137 2383 1176 2422 ne
1193 2383 1240 2422 me
1256 2373 1346 2439 putes
1362 2363 1462 2421 studia

267 2463 447 2535 fastiditum,
466 2466 498 2521 II
514 2464 728 2540 bybliothecas
745 2464 853 2534 habeo,
871 2482 962 2521 unam
979 2464 1139 2534 Graecam,
1158 2464 1284 2522 alteram
1309 2463 1459 2522 Latinam.

268 2564 327 2622 Dic
349 2583 431 2640 erg0,
445 2564 471 2622 si
487 2583 535 2623 me
551 2583 646 2636 amas,
664 2564 836 2639 peristasim
854 2565 1090 2622 declamationis
1106 2565 1196 2622 tuae'
1241 2566 1319 2622 Cum
1335 2564 1463 2621 dixisset

217 2677 256 2715 20
267 2647 499 2741 Agamemnon:
545 2673 679 2741 ‘pauper
694 2674 724 2723 et
740 2664 827 2723 dives
850 2664 965 2723 inimici
981 2666 1087 2735 erant,’
1104 2664 1146 2722 ait
1161 2666 1188 2721 T
1190 2664 1348 2722 rimalchio
1367 2664 1461 2740 ‘quid

266 2776 314 2825 est
327 2785 444 2841 pauper
457 2767 487 2825 ?’
533 2766 698 2824 ‘Urbane’
716 2765 816 2841 inquit
839 2768 1055 2841 Agamemnon
1070 2776 1100 2824 et
1117 2766 1222 2823 nescio
1238 2783 1329 2840 quam
1346 2776 1463 2823 contro

265 2868 397 2925 versiam
427 2867 576 2942 exposuit.
623 2866 732 2924 Statim
762 2865 951 2924 Trimalchio
968 2866 1061 2924 ‘hoc'
1085 2865 1184 2940 inquit
1201 2866 1244 2923 ‘si
1259 2866 1374 2924 lactum
1404 2875 1460 2936 est,

265 2967 474 3026 controversia
496 2986 559 3025 non
582 2976 647 3038 est3
671 2966 697 3025 si
719 2966 836 3024 factum
860 2985 922 3024 non
945 2976 1000 3038 est,
1026 2966 1101 3023 nihil
1124 2967 1191 3023 est!
1237 2967 1325 3024 Haec
1341 2965 1462 3040 aliaque

264 3087 334 3127 curn
357 3066 550 3126 effusissimis
573 3085 830 3142 prosequeremur
851 3065 1087 3135 laudationibus,
1115 3065 1221 3141 ‘rogo’
1246 3064 1344 3140 inquit
1368 3068 1451 3142 ‘Aga

215 3190 229 3227 2
236 3187 251 3246 5
265 3186 410 3227 memnon
427 3167 500 3225 mihi
510 3167 677 3238 carissime,
689 3165 838 3241 numquid
851 3164 1016 3223 duodecim
1032 3184 1196 3223 aerumnas
1206 3165 1351 3223 Herculis
1363 3175 1459 3237 tenes,

265 3278 317 3327 aut
331 3269 371 3327 de
393 3267 481 3325 Vlixe
503 3266 649 3335 fabulam,
667 3265 928 3341 quemadmodum
952 3265 994 3322 illi
1011 3266 1145 3342 Cyclops
1168 3265 1310 3341 pollicem
1333 3266 1461 3341 porcino

264 3368 413 3428 extorsit?
458 3366 601 3425 Solebam
631 3367 709 3424 haec
731 3385 789 3441 ego
813 3385 888 3441 puer
911 3366 994 3440 apud
1019 3366 1190 3423 Homerum
1222 3366 1331 3441 legere.
1378 3368 1459 3423 Nam

265 3469 411 3546 Sibyllam
427 3467 550 3543 quidem
564 3467 670 3526 Cumis
683 3485 740 3543 ego
752 3466 819 3542 ipse
834 3466 932 3524 oculis
946 3465 1021 3523 meis
1036 3465 1100 3524 vidi
1115 3466 1144 3522 in
1163 3466 1297 3540 ampulla
1314 3466 1458 3540 pendere,

264 3580 294 3628 et
323 3588 393 3627 curn
419 3568 462 3625 illi
491 3568 578 3643 pueri
607 3567 761 3626 dicerent:
807 3566 948 3640 Σίβνλλα,
972 3568 1004 3625 τί
1016 3563 1127 3639 daleam
1150 3566 1360 3642 respondebat
1382 3567 1461 3626 illa:

213 3689 253 3744 30
263 3669 412 3732 ἀποθανεῖν
426 3667 508 3726 dixu.

306 3953 360 4009 IV.
407 3950 553 4010 Nondum
570 3953 725 4010 efflaverat
741 3952 852 4024 omnia,
871 3972 940 4011 curn
957 3953 1170 4028 repositorium
1188 3970 1256 4010 curn
1273 3971 1328 4011 sue
1344 3952 1461 4029 ingenti

263 4071 402 4110 mensam
433 4052 603 4127 occupavit.
650 4052 757 4110 Mirari
781 4071 839 4111 nos
854 4053 1043 4111 celeritatem
1073 4053 1232 4129 coepimus
1248 4063 1278 4111 et
1293 4053 1402 4124 iurare,
1420 4072 1460 4111 ne

212 4186 249 4246 35
262 4153 377 4229 gallum
394 4153 519 4229 quidem
535 4153 738 4229 gallinaceum
754 4163 815 4211 tam
833 4153 893 4211 cito
910 4153 1057 4230 percoqui
1072 4153 1218 4229 potuisse,
1235 4163 1323 4212 tanto
1335 4153 1460 4229 quidem

263 4254 370 4331 magis,
388 4254 472 4329 quod
489 4254 579 4329 longe
602 4253 698 4312 maior
714 4254 804 4312 nobis
827 4273 940 4328 porcus
970 4254 1132 4312 videbatur
1154 4274 1231 4325 esse,
1249 4273 1342 4330 quam
1364 4254 1459 4329 paulo

262 4364 333 4413 ante
349 4373 423 4430 aper
437 4355 545 4412 fuerat.
592 4354 713 4412 Deinde
736 4355 834 4430 magis
856 4354 1016 4430 magisque
1032 4354 1221 4413 Trimalchio
1243 4354 1367 4413 intuens
1388 4373 1460 4413 eum

264 4455 379 4532 ‘quid?
395 4455 470 4530 quid
480 4455 508 4513 ?’
525 4455 625 4530 inquit
642 4462 768 4529 ‘porcus
784 4455 834 4512 hic
852 4474 913 4513 non
928 4465 976 4513 est
991 4455 1202 4514 exinteratus?
1225 4445 1287 4513 non
1303 4456 1460 4513 mehercu-

262 4558 306 4615 les
322 4565 377 4615 est.
421 4557 516 4628 Voca,
534 4574 610 4613 voca
626 4573 734 4613 cocum
751 4554 781 4612 in
798 4555 919 4612 medio.'
958 4559 1037 4614 Cum
1060 4556 1250 4614 constitisset
1265 4555 1305 4613 ad
1320 4574 1459 4614 mensam

211 4687 251 4739 40
261 4676 355 4715 cocus
377 4656 473 4715 tristis
489 4665 519 4715 et
534 4655 649 4714 diceret
664 4675 697 4713 se
719 4655 847 4714 oblitum
870 4674 939 4714 esse
962 4656 1141 4728 exinterare,
1167 4656 1282 4732 ‘quidi
1320 4656 1458 4715 oblitus?

269 4757 456 4816 Trimalchio
478 4758 630 4815 exclamat
653 4763 758 4833 ‘putes
774 4755 859 4813 illurn
871 4756 959 4833 piper
974 4766 1004 4814 et
1019 4757 1174 4814 cuminum
1192 4775 1253 4815 non
1276 4756 1458 4814 coniecisse.
