3217 5417
877 535 915 613 26

279 741 356 800 haec
372 740 448 800 satis
463 735 574 800 idonea
589 741 644 800 tibi
660 741 801 801 videtur:
827 748 845 775 “
856 743 891 800 C.
910 739 1078 814 Pompeius
1100 736 1289 797 Trimalchio
1313 735 1479 797 Maecena·

278 841 381 899 tianus
407 841 457 900 hic
486 842 658 917 requiescit.
706 842 790 900 Huic
813 842 965 901 seviratus
988 839 1108 899 absenti
1132 840 1274 897 decretus
1296 849 1352 897 est.
1397 840 1477 897 Cum

279 951 384 1016 posset
399 942 429 998 in
446 943 590 1000 omnibus
612 941 745 1000 decuriis
762 944 882 1001 Romae
905 961 983 1013 esse,
1000 951 1103 999 tamen
1127 940 1232 998 noluit.
1279 940 1360 1010 Pius,
1376 939 1478 1011 fortiS,

277 1042 387 1113 fidelis,
412 1061 449 1101 ex
471 1062 567 1118 parvo
588 1043 692 1114 crevit,
718 1043 894 1101 sestertium
916 1043 1039 1117 reliquit
1061 1041 1234 1112 trecenties,
1259 1059 1316 1098 nec
1338 1059 1477 1116 unquam

228 1153 244 1213 5
278 1142 495 1219 philosophum
519 1142 645 1201 audivit.
690 1144 768 1202 Vale
783 1153 814 1202 et
829 1144 893 1201 tu.’'

321 1244 410 1301 Haec
425 1253 458 1301 ut
474 1242 549 1301 dixit
565 1244 762 1315 Trimalchio,
774 1244 847 1302 llere
862 1243 965 1319 coepit
980 1241 1120 1301 ubertim.
1167 1242 1276 1300 Flebat
1287 1251 1317 1300 et
1330 1243 1478 1300 Fortuna-

277 1352 316 1416 ta,
334 1343 428 1402 fiebat
443 1353 473 1402 et
489 1344 664 1416 Habinnas,
682 1354 746 1402 tota
762 1344 897 1420 denique
919 1343 1045 1414 familia,
1071 1352 1217 1418 tanquam
1235 1343 1265 1399 in
1281 1343 1375 1400 funus
1392 1360 1477 1418 roga-

277 1454 316 1516 ta,
335 1444 555 1502 lamentatione
572 1444 735 1504 triclinium
752 1444 899 1521 implevit.
944 1447 1043 1502 Immo
1059 1444 1118 1500 iam
1132 1462 1293 1519 coeperam
1310 1443 1402 1501 etiam
1418 1460 1478 1518 ego

278 1545 407 1619 plorare,
424 1564 494 1603 cum
510 1545 698 1603 Trimalchio
716 1547 824 1621 ‘ergo'
849 1545 948 1621 inquit
965 1552 1052 1602 ‘curn
1076 1544 1210 1602 sciamus
1233 1562 1289 1602 nos
1312 1544 1477 1601 morituros

230 1655 266 1692 10
277 1646 354 1716 esse,
373 1664 467 1720 quare
484 1664 546 1703 non
562 1646 723 1704 vivamus?
768 1645 819 1704 Sic
834 1664 889 1704 vos
898 1646 1006 1704 felices
1022 1644 1152 1716 videam,
1166 1644 1355 1702 coniciamus
1371 1663 1429 1701 nos
1446 1644 1476 1701 in

276 1746 430 1817 balneum,
448 1765 517 1804 meo
540 1745 960 1821 pericu10,nonpaenitebit.
1007 1744 1056 1803 Sic
1072 1745 1152 1803 calet
1174 1755 1321 1819 tanquam
1344 1745 1475 1802 furnus!

278 1847 388 1916 ‘Ver0,
405 1847 498 1917 yer0,'
516 1846 615 1921 inquit
633 1847 799 1905 Habinnas
824 1846 879 1904 ‘de
896 1863 956 1926 una
972 1845 1022 1904 die
1045 1845 1125 1903 duas
1147 1845 1258 1916 facere,
1276 1844 1351 1902 nihil
1375 1845 1477 1916 ma10,'

276 1945 428 2020 nudisque
444 1947 637 2005 consurrexit
651 1948 783 2022 pedibus
796 1956 826 2005 et
837 1946 1097 2004 Trimalchionem
1114 1946 1311 2021 plaudentem
1328 1945 1476 2021 subsequi

275 2049 368 2121 coepit.

229 2162 263 2222 15
319 2150 384 2224 Ego
400 2149 569 2224 respiciens
585 2149 623 2207 ad
641 2150 793 2226 Ascylton
811 2148 906 2225 ‘quid
921 2148 1040 2225 cogitas
1051 2150 1080 2207 ?'
1105 2148 1241 2225 inquam,
1260 2149 1436 2225 ‘egoenim
1454 2148 1477 2206 si

276 2248 382 2306 videro
397 2249 551 2321 balneum,
568 2250 672 2308 statim
688 2250 856 2326 expirabo’
902 2250 1136 2308 ‘Assectemur’
1153 2249 1195 2307 ait
1211 2249 1260 2307 ille
1278 2256 1327 2307 ‘et
1342 2250 1415 2307 dum
1435 2249 1478 2306 illi

275 2350 420 2407 balneum
443 2359 560 2425 petunt,
586 2369 642 2408 nos
658 2350 689 2406 in
705 2351 795 2408 turba
811 2351 977 2408 exeamus)
1023 2352 1101 2408 Cum
1119 2350 1195 2408 haec
1218 2350 1411 2425 placuissent
1426 2350 1481 2408 du-

275 2459 364 2508 cente
380 2469 435 2525 per
458 2450 608 2525 porticum
632 2450 745 2508 Gitone
761 2450 801 2508 ad
817 2450 940 2508 ianuam
963 2451 1113 2520 venimus,
1132 2451 1184 2509 ubi
1200 2450 1286 2508 canis
1301 2451 1477 2509 catenarius

276 2559 363 2608 tanto
385 2569 442 2608 nos
465 2552 595 2608 tumultu
626 2550 755 2626 excepit,
773 2560 806 2608 ut
822 2552 967 2628 Ascyltos
982 2550 1075 2609 etiam
1091 2551 1121 2607 in
1137 2550 1289 2626 piscinam
1319 2550 1475 2609 ceciderit.

227 2664 266 2702 ao
277 2653 344 2708 Nec
360 2669 421 2708 non
437 2667 495 2726 ego
510 2669 634 2726 quoque
649 2650 762 2722 ebrius,
780 2651 832 2725 qui
849 2651 940 2709 etiam
955 2650 1070 2726 pictum
1087 2650 1248 2717 timueram
1264 2669 1382 2722 canem,
1399 2651 1476 2709 dum

276 2751 396 2808 natanti
419 2769 509 2826 opem
531 2751 607 2823 fern,
625 2751 654 2809 in
671 2752 803 2810 eundem
826 2751 978 2829 gurgitem
1001 2761 1116 2809 tractus
1139 2770 1216 2810 sum.
1263 2751 1402 2810 Servavit
1419 2770 1476 2808 nos

275 2860 379 2909 tamen
395 2850 603 2929 atriensisqui
618 2852 792 2910 interventu
808 2870 865 2909 suo
877 2861 908 2909 et
919 2871 1028 2911 canem
1044 2851 1178 2926 placavit
1192 2861 1223 2909 et
1237 2870 1295 2909 nos
1309 2860 1476 2910 trementes

276 2952 406 3010 extraxit
422 2952 453 3008 in
470 2952 595 3010 siccum.
642 2954 680 3010 Et
694 2952 789 3010 Giton
813 2951 938 3027 quidem
962 2952 1155 3009 iamdudum
1173 2970 1206 3010 se
1221 2951 1340 3010 ratione
1363 2952 1462 3010 acutis

276 3052 353 3109 sima
376 3051 574 3110 redemerita
596 3071 691 3123 cane3
716 3052 863 3128 quicquid
886 3051 967 3110 enim
986 3071 1003 3109 a
1025 3051 1114 3110 nobis
1138 3061 1300 3126 acceperat
1323 3051 1361 3110 de
1385 3071 1471 3124 cena,

226 3153 397 3220 ²51atranti
433 3162 606 3227 sparsernt;
632 3150 688 3232 [at]
719 3152 769 3210 ille
799 3162 948 3211 avocatus
984 3152 1054 3210 cibo
1076 3153 1210 3210 furorem
1247 3161 1472 3228 suppresserat.

275 3254 417 3311 Ceterum
441 3272 510 3311 cum
534 3252 672 3328 algentes
696 3252 801 3326 utique
824 3251 1009 3327 petissemus
1032 3252 1072 3309 ab
1095 3252 1236 3323 atriense,
1253 3262 1287 3310 ut
1309 3271 1366 3310 nos
1389 3263 1475 3310 extra

274 3352 398 3410 ianuam
413 3354 573 3425 emitteret,
593 3353 710 3411 ‘erras’
727 3353 828 3428 inquit
844 3352 880 3410 ‘si
895 3361 986 3429 putas
1001 3361 1032 3410 te
1048 3352 1130 3411 exire
1145 3351 1204 3410 hac
1219 3371 1321 3428 posse,
1349 3372 1412 3429 qua
1426 3372 1475 3411 ve-

275 3454 356 3511 nisti.
403 3455 503 3512 Nemo
520 3471 656 3529 unquam
679 3453 878 3511 convivarum
894 3471 948 3528 per
970 3453 1101 3510 eandem
1124 3451 1247 3510 ianuam
1263 3451 1395 3511 emissus
1410 3463 1475 3524 est;

275 3553 334 3611 alia
351 3538 467 3612 ihtrant
490 3553 549 3612 alia
572 3553 703 3612 exeunt’
747 3552 832 3625 Quid
847 3552 998 3611 faciamus
1021 3552 1162 3611 homines
1178 3553 1340 3612 miserrimi
1355 3560 1386 3612 et
1402 3554 1475 3613 novi

224 3675 264 3730 30
274 3654 397 3730 generis
413 3655 588 3731 labyrintho
610 3653 729 3724 inclusi,
748 3653 861 3728 quibus
883 3653 978 3711 lavari
1001 3652 1060 3711 iam
1084 3663 1229 3728 coeperat
1251 3663 1356 3711 votum
1381 3657 1476 3713 esse?

275 3753 366 3812 Ultro
382 3773 455 3830 ergo
470 3753 655 3830 rogavimuS‚
672 3763 706 3811 ut
721 3771 778 3810 nos
794 3753 835 3810 ad
851 3753 996 3812 balneum
1012 3753 1147 3826 duceret,
1163 3753 1369 3829 proiectisque
1386 3754 1475 3812 vesti-

274 3855 395 3924 mentis,
420 3873 500 3930 quae
523 3854 617 3912 Giton
640 3854 671 3910 in
695 3853 781 3911 aditu
804 3854 921 3912 siccare
949 3854 1061 3929 coepit,
1100 3853 1244 3913 balneum
1282 3855 1472 3925 intravimus

275 3964 437 4031 angustum
462 3955 580 4012 scilicet
594 3964 625 4012 et
640 3954 792 4012 cisternae
815 3954 991 4030 frigidariae
1014 3954 1121 4026 simile,
1147 3955 1178 4011 in
1201 3973 1262 4031 quo
1284 3955 1473 4014 Trimalchio

274 4065 376 4114 rectus
392 4055 501 4113 stabat.
534 4057 580 4112 Ac
597 4073 635 4113 ne
651 4055 695 4112 sic
711 4053 835 4130 quidem
852 4054 1078 4130 putidissimam
1095 4054 1161 4112 eius
1178 4054 1373 4112 iactationem
1388 4054 1474 4113 licuit

223 4172 260 4232 35
273 4154 409 4231 effugere
423 4179 429 4225 3
446 4173 516 4212 nam
534 4155 610 4212 nihil
626 4154 736 4212 melius
751 4172 820 4211 esse
836 4154 969 4225 dicebat,
983 4169 1075 4229 quam
1091 4153 1157 4212 sine
1169 4155 1260 4212 turba
1274 4154 1379 4226 lavari,
1393 4165 1424 4213 et
1435 4174 1473 4213 eo

273 4255 341 4331 ipso
358 4256 426 4314 loco
442 4254 609 4330 aliquando
631 4254 794 4330 pistrinum
818 4254 923 4312 fuisse.
971 4255 1094 4313 Deinde
1110 4266 1143 4312 ut
1158 4255 1292 4313 lassatus
1314 4256 1467 4326 consedit,

274 4356 419 4413 invitatus
434 4355 537 4413 balnei
553 4373 631 4412 sono
646 4353 765 4413 diduxit
787 4373 885 4429 usque
909 4354 949 4411 ad
971 4373 1123 4412 cameram
1139 4373 1176 4412 os
1190 4356 1309 4413 ebrium
1324 4365 1355 4413 et
1370 4355 1472 4431 coepit

274 4456 462 4514 Menecratis
485 4456 604 4513 cantica
628 4456 771 4526 lacerare,
790 4455 870 4512 sicut
885 4454 928 4511 illi
951 4454 1104 4526 dicebant,
1122 4455 1174 4530 qui
1198 4455 1332 4531 linguam
1347 4454 1414 4513 eius
1430 4456 1472 4512 in-

273 4557 468 4633 tellegebant.
515 4556 618 4614 Ceteri
640 4555 788 4614 convivae
812 4555 894 4613 circa
911 4555 1029 4613 labrum
1045 4555 1188 4613 manibus
1204 4555 1291 4613 nexis
1307 4556 1471 4615 currebant

223 4672 262 4724 40
273 4666 303 4715 et
317 4652 627 4733 gingilipho'ingenti
649 4656 783 4713 clamore
807 4656 970 4713 sonabant.
1016 4654 1077 4712 Alii
1100 4665 1202 4713 autem
1219 4654 1297 4735 [aut]
1321 4655 1470 4714 restrictis

273 4757 416 4814 manibus
432 4756 540 4814 anulos
555 4756 594 4814 de
609 4756 786 4831 pavimento
802 4755 996 4813 conabantur
1011 4756 1120 4814 tollere
1132 4765 1185 4813 aut
1200 4756 1302 4831 posito
1314 4774 1398 4832 genu
1409 4775 1470 4814 cer-
